<?xml version="1.0" encoding="UTF-8"?>
<!DOCTYPE html PUBLIC "-//W3C//DTD XHTML 1.0 Transitional//EN"
    "http://www.w3.org/TR/xhtml1/DTD/xhtml1-transitional.dtd">
<html xmlns="http://www.w3.org/1999/xhtml" xml:lang="en" lang="en">
 <head>
  <title>
</title>
<meta http-equiv="Content-Type" content="text/html;charset=utf-8" />
  <meta name='ocr-system' content='tesseract 3.04.00' />
  <meta name='ocr-capabilities' content='ocr_page ocr_carea ocr_par ocr_line ocrx_word'/>
</head>
<body>
  <div class='ocr_page' id='page_1' title='image "./vindiciaelullia00pasqgoog_0170.png"; bbox 0 0 5150 6667; ppageno 0'>
   <div class='ocr_carea' id='block_1_1' title="bbox 602 680 1953 834">
    <p class='ocr_par' dir='ltr' id='par_1_1' title="bbox 602 680 1953 834">
     <span class='ocr_line' id='line_1_1' title="bbox 602 680 1953 834; baseline 0.013 -42"><span class='ocrx_word' id='word_1_1' title='bbox 602 694 1105 834; x_wconf 64' lang='lat' dir='ltr'>misatur..</span> <span class='ocrx_word' id='word_1_2' title='bbox 1157 700 1342 796; x_wconf 77' lang='lat' dir='ltr'>vrri.</span> <span class='ocrx_word' id='word_1_3' title='bbox 1401 680 1509 821; x_wconf 69' lang='lat' dir='ltr'>ar.</span> <span class='ocrx_word' id='word_1_4' title='bbox 1785 732 1863 825; x_wconf 84' lang='lat'>159</span> <span class='ocrx_word' id='word_1_5' title='bbox 1949 700 1953 708; x_wconf 72' lang='grc'><em>“</em></span> 
     </span>
    </p>
   </div>
   <div class='ocr_carea' id='block_1_2' title="bbox 305 836 2015 967">
    <p class='ocr_par' dir='ltr' id='par_1_2' title="bbox 305 836 2015 967">
     <span class='ocr_line' id='line_1_2' title="bbox 305 836 2015 967; baseline 0.005 -32"><span class='ocrx_word' id='word_1_6' title='bbox 305 892 337 935; x_wconf 72' lang='lat' dir='ltr'>n</span> <span class='ocrx_word' id='word_1_7' title='bbox 362 849 476 950; x_wconf 85' lang='lat' dir='ltr'>De&#39;i,</span> <span class='ocrx_word' id='word_1_8' title='bbox 511 852 553 935; x_wconf 75' lang='lat' dir='ltr'>n</span> <span class='ocrx_word' id='word_1_9' title='bbox 576 846 684 934; x_wconf 76' lang='lat' dir='ltr'>auos</span> <span class='ocrx_word' id='word_1_10' title='bbox 703 836 847 934; x_wconf 77' lang='lat' dir='ltr'>earum</span> <span class='ocrx_word' id='word_1_11' title='bbox 873 906 887 951; x_wconf 92' lang='lat'>,</span> <span class='ocrx_word' id='word_1_12' title='bbox 912 870 961 932; x_wconf 88' lang='lat' dir='ltr'>ut</span> <span class='ocrx_word' id='word_1_13' title='bbox 993 846 1076 959; x_wconf 85' lang='lat' dir='ltr'>ipsa</span> <span class='ocrx_word' id='word_1_14' title='bbox 1097 845 1272 959; x_wconf 82' lang='lat' dir='ltr'>potestas</span> <span class='ocrx_word' id='word_1_15' title='bbox 1297 848 1407 931; x_wconf 83' lang='lat' dir='ltr'>nullo</span> <span class='ocrx_word' id='word_1_16' title='bbox 1430 846 1584 948; x_wconf 76' lang='lat' dir='ltr'>inodo,</span> <span class='ocrx_word' id='word_1_17' title='bbox 1621 877 1702 959; x_wconf 84' lang='lat' dir='ltr'>quo</span> <span class='ocrx_word' id='word_1_18' title='bbox 1738 856 1861 963; x_wconf 83' lang='lat' dir='ltr'>possit</span> <span class='ocrx_word' id='word_1_19' title='bbox 2012 962 2015 967; x_wconf 23' lang='grc' dir='ltr'>Ι</span> 
     </span>
    </p>
   </div>
   <div class='ocr_carea' id='block_1_3' title="bbox 204 962 1869 5325">
    <p class='ocr_par' dir='ltr' id='par_1_3' title="bbox 204 962 1869 4375">
     <span class='ocr_line' id='line_1_3' title="bbox 304 962 1862 1085; baseline 0.006 -35"><span class='ocrx_word' id='word_1_20' title='bbox 304 1012 335 1051; x_wconf 70' lang='lat'>‚2</span> <span class='ocrx_word' id='word_1_21' title='bbox 358 994 480 1085; x_wconf 88' lang='lat' dir='ltr'>agere</span> <span class='ocrx_word' id='word_1_22' title='bbox 502 969 686 1068; x_wconf 88' lang='lat' dir='ltr'>bonum,</span> <span class='ocrx_word' id='word_1_23' title='bbox 708 967 884 1073; x_wconf 85' lang='lat' dir='ltr'>justum,</span> <span class='ocrx_word' id='word_1_24' title='bbox 911 994 1126 1079; x_wconf 80' lang='lat' dir='ltr'>magnum,</span> <span class='ocrx_word' id='word_1_25' title='bbox 1145 971 1226 1051; x_wconf 87' lang='lat' dir='ltr'>&amp;c.</span> <span class='ocrx_word' id='word_1_26' title='bbox 1250 962 1301 1049; x_wconf 82' lang='lat' dir='ltr'>fit</span> <span class='ocrx_word' id='word_1_27' title='bbox 1315 966 1473 1059; x_wconf 77' lang='lat' dir='ltr'>otiosa3</span> <span class='ocrx_word' id='word_1_28' title='bbox 1499 963 1617 1052; x_wconf 83' lang='lat' dir='ltr'>&amp;fic</span> <span class='ocrx_word' id='word_1_29' title='bbox 1643 966 1862 1084; x_wconf 76' lang='lat' dir='ltr'>ireceffario</span> 
     </span>
     <span class='ocr_line' id='line_1_4' title="bbox 302 1080 1864 1199; baseline 0.004 -32"><span class='ocrx_word' id='word_1_30' title='bbox 302 1125 333 1171; x_wconf 71' lang='lat' dir='ltr'>a</span> <span class='ocrx_word' id='word_1_31' title='bbox 358 1080 586 1186; x_wconf 77' lang='lat' dir='ltr'>convenit,</span> <span class='ocrx_word' id='word_1_32' title='bbox 609 1086 741 1177; x_wconf 71' lang='lat' dir='ltr'>Primii</span> <span class='ocrx_word' id='word_1_33' title='bbox 766 1082 876 1199; x_wconf 79' lang='lat' dir='ltr'>quod</span> <span class='ocrx_word' id='word_1_34' title='bbox 896 1104 1009 1169; x_wconf 85' lang='lat' dir='ltr'>totus</span> <span class='ocrx_word' id='word_1_35' title='bbox 1033 1082 1158 1168; x_wconf 81' lang='lat' dir='ltr'>Deus‘</span> <span class='ocrx_word' id='word_1_36' title='bbox 1174 1083 1325 1186; x_wconf 84' lang='lat' dir='ltr'>Pater,</span> <span class='ocrx_word' id='word_1_37' title='bbox 1343 1084 1413 1195; x_wconf 85' lang='lat' dir='ltr'>qui</span> <span class='ocrx_word' id='word_1_38' title='bbox 1434 1086 1492 1168; x_wconf 88' lang='lat' dir='ltr'>est</span> <span class='ocrx_word' id='word_1_39' title='bbox 1509 1084 1599 1194; x_wconf 80' lang='lat' dir='ltr'>ipso</span> <span class='ocrx_word' id='word_1_40' title='bbox 1620 1104 1708 1169; x_wconf 87' lang='lat' dir='ltr'>tota</span> <span class='ocrx_word' id='word_1_41' title='bbox 1728 1093 1864 1195; x_wconf 87' lang='lat' dir='ltr'>potes-</span> 
     </span>
     <span class='ocr_line' id='line_1_5' title="bbox 303 1191 1863 1321; baseline 0.003 -36"><span class='ocrx_word' id='word_1_42' title='bbox 303 1246 332 1286; x_wconf 72' lang='lat'>„</span> <span class='ocrx_word' id='word_1_43' title='bbox 356 1224 447 1304; x_wconf 86' lang='lat' dir='ltr'>tas,</span> <span class='ocrx_word' id='word_1_44' title='bbox 467 1224 640 1321; x_wconf 77' lang='lat' dir='ltr'><strong>generet</strong></span> <span class='ocrx_word' id='word_1_45' title='bbox 659 1202 713 1287; x_wconf 87' lang='lat' dir='ltr'>de</span> <span class='ocrx_word' id='word_1_46' title='bbox 735 1203 920 1313; x_wconf 77' lang='lat' dir='ltr'>totaipsa</span> <span class='ocrx_word' id='word_1_47' title='bbox 942 1202 1139 1313; x_wconf 80' lang='lat' dir='ltr'>potestate</span> <span class='ocrx_word' id='word_1_48' title='bbox 1161 1200 1305 1286; x_wconf 84' lang='lat' dir='ltr'>Deum</span> <span class='ocrx_word' id='word_1_49' title='bbox 1329 1196 1493 1285; x_wconf 83' lang='lat' dir='ltr'>Filium.</span> <span class='ocrx_word' id='word_1_50' title='bbox 1511 1260 1547 1283; x_wconf 89' lang='lat'>..</span> <span class='ocrx_word' id='word_1_51' title='bbox 1569 1261 1580 1282; x_wconf 88' lang='lat'><strong><em>.</em></strong></span> <span class='ocrx_word' id='word_1_52' title='bbox 1604 1205 1776 1307; x_wconf 75' lang='lat' dir='ltr'>Secundo</span> <span class='ocrx_word' id='word_1_53' title='bbox 1791 1191 1863 1289; x_wconf 71' lang='lat' dir='ltr'>Iu-</span> 
     </span>
     <span class='ocr_line' id='line_1_6' title="bbox 300 1316 1862 1430; baseline 0.003 -27"><span class='ocrx_word' id='word_1_54' title='bbox 300 1364 333 1407; x_wconf 70' lang='lat'><strong>„</strong></span> <span class='ocrx_word' id='word_1_55' title='bbox 357 1342 444 1407; x_wconf 86' lang='lat' dir='ltr'>tem</span> <span class='ocrx_word' id='word_1_56' title='bbox 462 1322 582 1407; x_wconf 80' lang='lat' dir='ltr'>Deus</span> <span class='ocrx_word' id='word_1_57' title='bbox 603 1342 800 1430; x_wconf 75' lang='lat' dir='ltr'>operatur</span> <span class='ocrx_word' id='word_1_58' title='bbox 813 1322 895 1405; x_wconf 82' lang='lat' dir='ltr'>alio</span> <span class='ocrx_word' id='word_1_59' title='bbox 917 1318 1044 1404; x_wconf 86' lang='lat' dir='ltr'>modo</span> <span class='ocrx_word' id='word_1_60' title='bbox 1065 1339 1180 1404; x_wconf 83' lang='lat' dir='ltr'>extra</span> <span class='ocrx_word' id='word_1_61' title='bbox 1194 1320 1233 1404; x_wconf 85' lang='lat' dir='ltr'>se</span> <span class='ocrx_word' id='word_1_62' title='bbox 1247 1351 1263 1413; x_wconf 82' lang='lat'>·;</span> <span class='ocrx_word' id='word_1_63' title='bbox 1283 1316 1326 1404; x_wconf 68' lang='lat' dir='ltr'>St</span> <span class='ocrx_word' id='word_1_64' title='bbox 1341 1324 1494 1428; x_wconf 74' lang='lat' dir='ltr'>prima,</span> <span class='ocrx_word' id='word_1_65' title='bbox 1513 1320 1723 1429; x_wconf 85' lang='lat' dir='ltr'>operando</span> <span class='ocrx_word' id='word_1_66' title='bbox 1748 1350 1862 1407; x_wconf 72' lang='lat' dir='ltr'>crea-</span> 
     </span>
     <span class='ocr_line' id='line_1_7' title="bbox 302 1424 1869 1551; baseline 0.003 -31"><span class='ocrx_word' id='word_1_67' title='bbox 302 1459 466 1523; x_wconf 75' lang='lat' dir='ltr'>·‚·turas</span> <span class='ocrx_word' id='word_1_68' title='bbox 481 1440 536 1525; x_wconf 87' lang='lat' dir='ltr'>de</span> <span class='ocrx_word' id='word_1_69' title='bbox 560 1440 716 1541; x_wconf 81' lang='lat' dir='ltr'>nihilo,</span> <span class='ocrx_word' id='word_1_70' title='bbox 747 1439 940 1525; x_wconf 86' lang='lat' dir='ltr'>videlic-et</span> <span class='ocrx_word' id='word_1_71' title='bbox 963 1436 1171 1539; x_wconf 85' lang='lat' dir='ltr'>creando,</span> <span class='ocrx_word' id='word_1_72' title='bbox 1202 1437 1257 1521; x_wconf 79' lang='lat' dir='ltr'>ina</span> <span class='ocrx_word' id='word_1_73' title='bbox 1271 1436 1394 1546; x_wconf 75' lang='lat' dir='ltr'>quoti</span> <span class='ocrx_word' id='word_1_74' title='bbox 1403 1436 1554 1551; x_wconf 76' lang='lat' dir='ltr'>effintia</span> <span class='ocrx_word' id='word_1_75' title='bbox 1572 1431 1690 1521; x_wconf 78' lang='lat' dir='ltr'>nihili</span> <span class='ocrx_word' id='word_1_76' title='bbox 1707 1498 1721 1539; x_wconf 90' lang='lat'>,</span> <span class='ocrx_word' id='word_1_77' title='bbox 1739 1424 1786 1522; x_wconf 74' lang='lat' dir='ltr'>ait</span> <span class='ocrx_word' id='word_1_78' title='bbox 1805 1441 1869 1551; x_wconf 47' lang='lat' dir='ltr'>ita,</span> 
     </span>
     <span class='ocr_line' id='line_1_8' title="bbox 302 1552 1860 1668; baseline 0.003 -28"><span class='ocrx_word' id='word_1_79' title='bbox 302 1574 338 1649; x_wconf 65' lang='grc' dir='ltr'><strong>ἰ</strong></span> <span class='ocrx_word' id='word_1_80' title='bbox 360 1557 528 1667; x_wconf 76' lang='lat' dir='ltr'>loquar,</span> <span class='ocrx_word' id='word_1_81' title='bbox 545 1574 627 1641; x_wconf 71' lang='lat' dir='ltr'>&#39;non</span> <span class='ocrx_word' id='word_1_82' title='bbox 650 1560 902 1642; x_wconf 77' lang='lat' dir='ltr'>remanentia</span> <span class='ocrx_word' id='word_1_83' title='bbox 922 1556 989 1639; x_wconf 80' lang='lat' dir='ltr'>illo</span> <span class='ocrx_word' id='word_1_84' title='bbox 1010 1556 1161 1668; x_wconf 75' lang='lat' dir='ltr'>aliqreo,</span> <span class='ocrx_word' id='word_1_85' title='bbox 1177 1552 1291 1664; x_wconf 85' lang='lat' dir='ltr'>quod</span> <span class='ocrx_word' id='word_1_86' title='bbox 1312 1556 1370 1637; x_wconf 87' lang='lat' dir='ltr'>est</span> <span class='ocrx_word' id='word_1_87' title='bbox 1391 1576 1668 1640; x_wconf 83' lang='lat' dir='ltr'>creatum...</span> <span class='ocrx_word' id='word_1_88' title='bbox 1688 1556 1860 1645; x_wconf 73' lang='lat' dir='ltr'>Secundo</span> 
     </span>
     <span class='ocr_line' id='line_1_9' title="bbox 301 1671 1860 1790; baseline 0.003 -35"><span class='ocrx_word' id='word_1_89' title='bbox 301 1714 334 1756; x_wconf 70' lang='lat' dir='ltr'>n</span> <span class='ocrx_word' id='word_1_90' title='bbox 358 1678 416 1759; x_wconf 90' lang='lat' dir='ltr'>est</span> <span class='ocrx_word' id='word_1_91' title='bbox 439 1674 518 1758; x_wconf 86' lang='lat' dir='ltr'>alia</span> <span class='ocrx_word' id='word_1_92' title='bbox 539 1676 727 1785; x_wconf 88' lang='lat' dir='ltr'>operatio</span> <span class='ocrx_word' id='word_1_93' title='bbox 748 1673 980 1784; x_wconf 80' lang='lat' dir='ltr'>potestatis,</span> <span class='ocrx_word' id='word_1_94' title='bbox 1004 1678 1085 1759; x_wconf 58' lang='lat' dir='ltr'>&amp;cs</span> <span class='ocrx_word' id='word_1_95' title='bbox 1102 1671 1215 1772; x_wconf 86' lang='lat' dir='ltr'>Dei,</span> <span class='ocrx_word' id='word_1_96' title='bbox 1238 1675 1282 1757; x_wconf 86' lang='lat'>&amp;</span> <span class='ocrx_word' id='word_1_97' title='bbox 1304 1671 1390 1756; x_wconf 81' lang='lat' dir='ltr'>haec</span> <span class='ocrx_word' id='word_1_98' title='bbox 1410 1676 1470 1758; x_wconf 89' lang='lat' dir='ltr'>est</span> <span class='ocrx_word' id='word_1_99' title='bbox 1484 1674 1677 1759; x_wconf 79' lang='lat' dir='ltr'>mirabitis</span> <span class='ocrx_word' id='word_1_100' title='bbox 1692 1676 1734 1761; x_wconf 90' lang='lat' dir='ltr'>in</span> <span class='ocrx_word' id='word_1_101' title='bbox 1748 1704 1860 1790; x_wconf 81' lang='lat' dir='ltr'>mag·</span> 
     </span>
     <span class='ocr_line' id='line_1_10' title="bbox 302 1786 1859 1912; baseline 0.001 -37"><span class='ocrx_word' id='word_1_102' title='bbox 302 1834 332 1875; x_wconf 74' lang='lat' dir='ltr'>n</span> <span class='ocrx_word' id='word_1_103' title='bbox 358 1788 543 1912; x_wconf 65' lang='lat' dir='ltr'>nitorime</span> <span class='ocrx_word' id='word_1_104' title='bbox 558 1792 764 1901; x_wconf 86' lang='lat' dir='ltr'>potestatis</span> <span class='ocrx_word' id='word_1_105' title='bbox 779 1853 793 1893; x_wconf 92' lang='lat'>‚</span> <span class='ocrx_word' id='word_1_106' title='bbox 809 1799 889 1878; x_wconf 76' lang='lat' dir='ltr'>&amp;c</span> <span class='ocrx_word' id='word_1_107' title='bbox 904 1786 1097 1875; x_wconf 74' lang='lat' dir='ltr'>videlicet</span> <span class='ocrx_word' id='word_1_108' title='bbox 1113 1790 1229 1874; x_wconf 88' lang='lat' dir='ltr'>unire</span> <span class='ocrx_word' id='word_1_109' title='bbox 1244 1787 1286 1872; x_wconf 92' lang='lat' dir='ltr'>in</span> <span class='ocrx_word' id='word_1_110' title='bbox 1300 1815 1383 1873; x_wconf 91' lang='lat' dir='ltr'>uno</span> <span class='ocrx_word' id='word_1_111' title='bbox 1404 1788 1623 1902; x_wconf 77' lang='lat' dir='ltr'>supposito.</span> <span class='ocrx_word' id='word_1_112' title='bbox 1636 1851 1646 1873; x_wconf 88' lang='lat'><strong>.</strong></span> <span class='ocrx_word' id='word_1_113' title='bbox 1659 1838 1696 1875; x_wconf 72' lang='lat'>0.</span> <span class='ocrx_word' id='word_1_114' title='bbox 1716 1790 1859 1878; x_wconf 88' lang='lat' dir='ltr'>Deum</span> 
     </span>
     <span class='ocr_line' id='line_1_11' title="bbox 304 1905 1857 2011; baseline 0.003 -21"><span class='ocrx_word' id='word_1_115' title='bbox 304 1952 334 1991; x_wconf 70' lang='lat' dir='ltr'><strong><em>v</em></strong></span> <span class='ocrx_word' id='word_1_116' title='bbox 358 1915 404 1993; x_wconf 74' lang='grc' dir='ltr'>δι</span> <span class='ocrx_word' id='word_1_117' title='bbox 427 1930 678 2011; x_wconf 83' lang='lat' dir='ltr'>creaturam,</span> <span class='ocrx_word' id='word_1_118' title='bbox 705 1909 899 1997; x_wconf 88' lang='lat' dir='ltr'>videlicet</span> <span class='ocrx_word' id='word_1_119' title='bbox 937 1906 1081 1994; x_wconf 88' lang='lat' dir='ltr'>Deum</span> <span class='ocrx_word' id='word_1_120' title='bbox 1111 1913 1153 1991; x_wconf 75' lang='grc' dir='ltr'>ἀ</span> <span class='ocrx_word' id='word_1_121' title='bbox 1184 1905 1437 2010; x_wconf 87' lang='lat' dir='ltr'>hominem,</span> <span class='ocrx_word' id='word_1_122' title='bbox 1476 1935 1688 1993; x_wconf 79' lang='lat' dir='ltr'><strong><em>remanente</em></strong></span> <span class='ocrx_word' id='word_1_123' title='bbox 1718 1912 1857 1996; x_wconf 75' lang='lat' dir='ltr'>natur-&#39;ri</span> 
     </span>
     <span class='ocr_line' id='line_1_12' title="bbox 303 2014 1858 2141; baseline 0.005 -35"><span class='ocrx_word' id='word_1_124' title='bbox 303 2067 334 2109; x_wconf 74' lang='lat' dir='ltr'>n</span> <span class='ocrx_word' id='word_1_125' title='bbox 362 2025 547 2139; x_wconf 79' lang='lat' dir='ltr'>utriusque</span> <span class='ocrx_word' id='word_1_126' title='bbox 572 2030 611 2110; x_wconf 87' lang='lat' dir='ltr'>in</span> <span class='ocrx_word' id='word_1_127' title='bbox 634 2028 700 2111; x_wconf 72' lang='lat' dir='ltr'>tto</span> <span class='ocrx_word' id='word_1_128' title='bbox 714 2025 904 2141; x_wconf 78' lang='lat' dir='ltr'>firppofiro</span> <span class='ocrx_word' id='word_1_129' title='bbox 927 2025 1086 2141; x_wconf 67' lang='lat' dir='ltr'>integra</span> <span class='ocrx_word' id='word_1_130' title='bbox 1107 2029 1149 2109; x_wconf 74' lang='grc' dir='ltr'>ὅ(</span> <span class='ocrx_word' id='word_1_131' title='bbox 1169 2014 1417 2134; x_wconf 65' lang='lat' dir='ltr'>perfetta&amp;</span> <span class='ocrx_word' id='word_1_132' title='bbox 1446 2025 1735 2136; x_wconf 69' lang='lat' dir='ltr'>intransmutarn</span> <span class='ocrx_word' id='word_1_133' title='bbox 1758 2086 1772 2134; x_wconf 89' lang='lat'>,</span> <span class='ocrx_word' id='word_1_134' title='bbox 1812 2050 1858 2113; x_wconf 93' lang='lat' dir='ltr'>ut</span> 
     </span>
     <span class='ocr_line' id='line_1_13' title="bbox 306 2143 1856 2259; baseline 0.006 -35"><span class='ocrx_word' id='word_1_135' title='bbox 306 2183 335 2225; x_wconf 60' lang='grc' dir='ltr'>υ,</span> <span class='ocrx_word' id='word_1_136' title='bbox 361 2143 442 2249; x_wconf 84' lang='lat' dir='ltr'>jam</span> <span class='ocrx_word' id='word_1_137' title='bbox 463 2145 579 2253; x_wconf 89' lang='lat' dir='ltr'>supra</span> <span class='ocrx_word' id='word_1_138' title='bbox 602 2146 823 2255; x_wconf 74' lang='lat' dir='ltr'>probatum</span> <span class='ocrx_word' id='word_1_139' title='bbox 846 2149 914 2231; x_wconf 87' lang='lat' dir='ltr'>est.</span> <span class='ocrx_word' id='word_1_140' title='bbox 941 2145 1072 2230; x_wconf 74' lang='lat' dir='ltr'>Tertio</span> <span class='ocrx_word' id='word_1_141' title='bbox 1093 2145 1151 2226; x_wconf 89' lang='lat' dir='ltr'>est</span> <span class='ocrx_word' id='word_1_142' title='bbox 1172 2143 1246 2226; x_wconf 86' lang='lat' dir='ltr'>alia</span> <span class='ocrx_word' id='word_1_143' title='bbox 1267 2144 1484 2253; x_wconf 87' lang='lat' dir='ltr'>operatio,</span> <span class='ocrx_word' id='word_1_144' title='bbox 1504 2144 1763 2259; x_wconf 81' lang='lat' dir='ltr'>quam&#39;Deus</span> <span class='ocrx_word' id='word_1_145' title='bbox 1783 2144 1856 2233; x_wconf 84' lang='lat' dir='ltr'>de-</span> 
     </span>
     <span class='ocr_line' id='line_1_14' title="bbox 304 2256 1854 2374; baseline 0.005 -32"><span class='ocrx_word' id='word_1_146' title='bbox 304 2300 333 2343; x_wconf 76' lang='lat'><strong>„</strong></span> <span class='ocrx_word' id='word_1_147' title='bbox 360 2260 421 2344; x_wconf 91' lang='lat' dir='ltr'>dit</span> <span class='ocrx_word' id='word_1_148' title='bbox 442 2279 586 2347; x_wconf 81' lang='lat' dir='ltr'>‘creatae</span> <span class='ocrx_word' id='word_1_149' title='bbox 609 2282 790 2364; x_wconf 85' lang='lat' dir='ltr'>naturae,</span> <span class='ocrx_word' id='word_1_150' title='bbox 813 2266 997 2368; x_wconf 77' lang='lat' dir='ltr'>&amp;etiam</span> <span class='ocrx_word' id='word_1_151' title='bbox 1011 2256 1275 2361; x_wconf 85' lang='lat' dir='ltr'>Artificibus,</span> <span class='ocrx_word' id='word_1_152' title='bbox 1293 2260 1486 2347; x_wconf 87' lang='lat' dir='ltr'>videlicet</span> <span class='ocrx_word' id='word_1_153' title='bbox 1504 2264 1665 2374; x_wconf 85' lang='lat' dir='ltr'>operari</span> <span class='ocrx_word' id='word_1_154' title='bbox 1682 2262 1790 2348; x_wconf 88' lang='lat' dir='ltr'>aliud</span> <span class='ocrx_word' id='word_1_155' title='bbox 1803 2264 1854 2351; x_wconf 88' lang='lat' dir='ltr'>de</span> 
     </span>
     <span class='ocr_line' id='line_1_15' title="bbox 301 2365 1855 2496; baseline 0.004 -35"><span class='ocrx_word' id='word_1_156' title='bbox 301 2420 330 2461; x_wconf 76' lang='lat' dir='ltr'>u</span> <span class='ocrx_word' id='word_1_157' title='bbox 356 2378 462 2480; x_wconf 85' lang='lat' dir='ltr'>alio,</span> <span class='ocrx_word' id='word_1_158' title='bbox 487 2407 732 2489; x_wconf 82' lang='lat' dir='ltr'><em>permanente</em></span> <span class='ocrx_word' id='word_1_159' title='bbox 751 2381 903 2496; x_wconf 64' lang='lat' dir='ltr'>effinxit</span> <span class='ocrx_word' id='word_1_160' title='bbox 934 2371 986 2467; x_wconf 67' lang='grc' dir='ltr'>δ’</span> <span class='ocrx_word' id='word_1_161' title='bbox 994 2381 1133 2464; x_wconf 69' lang='lat' dir='ltr'>nomrd</span> <span class='ocrx_word' id='word_1_162' title='bbox 1154 2378 1357 2486; x_wconf 82' lang='lat' dir='ltr'>operabilis</span> <span class='ocrx_word' id='word_1_163' title='bbox 1377 2365 1467 2463; x_wconf 68' lang='lat' dir='ltr'>‘runc</span> <span class='ocrx_word' id='word_1_164' title='bbox 1488 2382 1527 2463; x_wconf 86' lang='lat' dir='ltr'>in</span> <span class='ocrx_word' id='word_1_165' title='bbox 1549 2405 1728 2489; x_wconf 79' lang='lat' dir='ltr'>operato,</span> <span class='ocrx_word' id='word_1_166' title='bbox 1752 2386 1794 2467; x_wconf 76' lang='grc' dir='ltr'>δε</span> <span class='ocrx_word' id='word_1_167' title='bbox 1812 2384 1855 2467; x_wconf 92' lang='lat' dir='ltr'>in</span> 
     </span>
     <span class='ocr_line' id='line_1_16' title="bbox 300 2485 1856 2611; baseline 0.006 -33"><span class='ocrx_word' id='word_1_168' title='bbox 300 2534 330 2578; x_wconf 65' lang='grc' dir='ltr'>ο,</span> <span class='ocrx_word' id='word_1_169' title='bbox 356 2485 441 2606; x_wconf 92' lang='lat' dir='ltr'>ipso</span> <span class='ocrx_word' id='word_1_170' title='bbox 460 2500 661 2609; x_wconf 88' lang='lat' dir='ltr'>operabili</span> <span class='ocrx_word' id='word_1_171' title='bbox 672 2499 868 2585; x_wconf 86' lang='lat' dir='ltr'>existente</span> <span class='ocrx_word' id='word_1_172' title='bbox 887 2498 989 2582; x_wconf 91' lang='lat' dir='ltr'>nihil</span> <span class='ocrx_word' id='word_1_173' title='bbox 1001 2496 1222 2582; x_wconf 80' lang='lat' dir='ltr'>secundum</span> <span class='ocrx_word' id='word_1_174' title='bbox 1240 2496 1419 2606; x_wconf 87' lang='lat' dir='ltr'>speciem</span> <span class='ocrx_word' id='word_1_175' title='bbox 1442 2499 1511 2581; x_wconf 89' lang='lat' dir='ltr'>vel</span> <span class='ocrx_word' id='word_1_176' title='bbox 1529 2492 1702 2611; x_wconf 78' lang='lat' dir='ltr'>figuram</span> <span class='ocrx_word' id='word_1_177' title='bbox 1713 2498 1758 2583; x_wconf 90' lang='lat' dir='ltr'>in</span> <span class='ocrx_word' id='word_1_178' title='bbox 1777 2526 1856 2611; x_wconf 78' lang='lat' dir='ltr'>qua</span> 
     </span>
     <span class='ocr_line' id='line_1_17' title="bbox 301 2614 1854 2727; baseline 0.003 -31"><span class='ocrx_word' id='word_1_179' title='bbox 301 2655 330 2697; x_wconf 74' lang='grc' dir='ltr'><em>η</em></span> <span class='ocrx_word' id='word_1_180' title='bbox 354 2616 467 2724; x_wconf 80' lang='lat' dir='ltr'>prius</span> <span class='ocrx_word' id='word_1_181' title='bbox 489 2636 606 2709; x_wconf 88' lang='lat' dir='ltr'>erat;</span> <span class='ocrx_word' id='word_1_182' title='bbox 630 2622 671 2703; x_wconf 74' lang='grc' dir='ltr'>ἀ</span> <span class='ocrx_word' id='word_1_183' title='bbox 694 2618 737 2702; x_wconf 91' lang='lat' dir='ltr'>in</span> <span class='ocrx_word' id='word_1_184' title='bbox 760 2618 834 2703; x_wconf 87' lang='lat' dir='ltr'>hac</span> <span class='ocrx_word' id='word_1_185' title='bbox 853 2616 1094 2727; x_wconf 80' lang='lat' dir='ltr'>operatione</span> <span class='ocrx_word' id='word_1_186' title='bbox 1119 2614 1353 2699; x_wconf 68' lang='lat' dir='ltr'>ass&#39;nnilatoe</span> <span class='ocrx_word' id='word_1_187' title='bbox 1376 2615 1460 2725; x_wconf 86' lang='lat' dir='ltr'>ipsa</span> <span class='ocrx_word' id='word_1_188' title='bbox 1482 2636 1623 2699; x_wconf 82' lang='lat' dir='ltr'>natura</span> <span class='ocrx_word' id='word_1_189' title='bbox 1645 2618 1854 2726; x_wconf 81' lang='lat' dir='ltr'>operatio-</span> 
     </span>
     <span class='ocr_line' id='line_1_18' title="bbox 302 2732 1855 2933; baseline 0.005 -123"><span class='ocrx_word' id='word_1_190' title='bbox 302 2771 332 2812; x_wconf 78' lang='lat'><strong>„</strong></span> <span class='ocrx_word' id='word_1_191' title='bbox 357 2732 474 2815; x_wconf 91' lang='lat' dir='ltr'>nibus</span> <span class='ocrx_word' id='word_1_192' title='bbox 489 2734 566 2817; x_wconf 82' lang='lat' dir='ltr'>suae</span> <span class='ocrx_word' id='word_1_193' title='bbox 585 2736 710 2819; x_wconf 83' lang='lat' dir='ltr'>causae</span> <span class='ocrx_word' id='word_1_194' title='bbox 724 2794 739 2837; x_wconf 94' lang='lat'>,</span> <span class='ocrx_word' id='word_1_195' title='bbox 753 2739 950 2845; x_wconf 79' lang='lat' dir='ltr'>quantum</span> <span class='ocrx_word' id='word_1_196' title='bbox 973 2737 1117 2844; x_wconf 87' lang='lat' dir='ltr'>potest.</span> <span class='ocrx_word' id='word_1_197' title='bbox 1139 2733 1288 2843; x_wconf 72' lang='lat' dir='ltr'>Quarto</span> <span class='ocrx_word' id='word_1_198' title='bbox 1309 2734 1500 2817; x_wconf 89' lang='lat' dir='ltr'>convenit</span> <span class='ocrx_word' id='word_1_199' title='bbox 1520 2732 1633 2933; x_wconf 57' lang='lat' dir='ltr'>losmod</span> <span class='ocrx_word' id='word_1_200' title='bbox 1650 2736 1773 2817; x_wconf 87' lang='lat' dir='ltr'>etiam</span> <span class='ocrx_word' id='word_1_201' title='bbox 1791 2734 1855 2817; x_wconf 81' lang='lat' dir='ltr'>di·</span> 
     </span>
     <span class='ocr_line' id='line_1_19' title="bbox 302 2849 1853 2963; baseline 0.005 -34"><span class='ocrx_word' id='word_1_202' title='bbox 302 2888 334 2930; x_wconf 69' lang='lat' dir='ltr'>u</span> <span class='ocrx_word' id='word_1_203' title='bbox 358 2849 452 2931; x_wconf 89' lang='lat' dir='ltr'>vina</span> <span class='ocrx_word' id='word_1_204' title='bbox 471 2853 644 2957; x_wconf 89' lang='lat' dir='ltr'>potestas</span> <span class='ocrx_word' id='word_1_205' title='bbox 662 2872 754 2963; x_wconf 85' lang='lat' dir='ltr'>agat</span> <span class='ocrx_word' id='word_1_206' title='bbox 773 2855 890 2937; x_wconf 86' lang='lat' dir='ltr'>aliam</span> <span class='ocrx_word' id='word_1_207' title='bbox 912 2851 1223 2963; x_wconf 73' lang='lat' dir='ltr'><strong>operationem,</strong></span> <span class='ocrx_word' id='word_1_208' title='bbox 1244 2851 1336 2959; x_wconf 74' lang='lat' dir='ltr'>quia</span> <span class='ocrx_word' id='word_1_209' title='bbox 1357 2850 1473 2935; x_wconf 84' lang='lat' dir='ltr'>alite&#39;r</span> <span class='ocrx_word' id='word_1_210' title='bbox 1494 2879 1517 2934; x_wconf 88' lang='lat' dir='ltr'>e</span> <span class='ocrx_word' id='word_1_211' title='bbox 1552 2873 1594 2935; x_wconf 88' lang='lat' dir='ltr'>et</span> <span class='ocrx_word' id='word_1_212' title='bbox 1607 2850 1853 2936; x_wconf 84' lang='lat' dir='ltr'>insufficiens</span> 
     </span>
     <span class='ocr_line' id='line_1_20' title="bbox 303 2962 1851 3079; baseline 0.003 -31"><span class='ocrx_word' id='word_1_213' title='bbox 303 3006 332 3049; x_wconf 74' lang='grc' dir='ltr'><strong>υ</strong></span> <span class='ocrx_word' id='word_1_214' title='bbox 358 2964 627 3079; x_wconf 86' lang='lat' dir='ltr'><strong>magnitudini</strong></span> <span class='ocrx_word' id='word_1_215' title='bbox 652 2969 872 3071; x_wconf 89' lang='lat' dir='ltr'>bonitatis,</span> <span class='ocrx_word' id='word_1_216' title='bbox 904 2977 984 3055; x_wconf 87' lang='lat' dir='ltr'>&amp;c.</span> <span class='ocrx_word' id='word_1_217' title='bbox 1006 2968 1199 3053; x_wconf 87' lang='lat' dir='ltr'>videlicet</span> <span class='ocrx_word' id='word_1_218' title='bbox 1222 2965 1332 3076; x_wconf 79' lang='lat' dir='ltr'>quod</span> <span class='ocrx_word' id='word_1_219' title='bbox 1355 2966 1405 3051; x_wconf 91' lang='lat' dir='ltr'>de</span> <span class='ocrx_word' id='word_1_220' title='bbox 1429 2969 1506 3051; x_wconf 89' lang='lat' dir='ltr'>alio</span> <span class='ocrx_word' id='word_1_221' title='bbox 1531 2962 1600 3051; x_wconf 90' lang='lat' dir='ltr'>fiat</span> <span class='ocrx_word' id='word_1_222' title='bbox 1619 2968 1753 3067; x_wconf 89' lang='lat' dir='ltr'>aliud,</span> <span class='ocrx_word' id='word_1_223' title='bbox 1774 2998 1851 3052; x_wconf 84' lang='lat' dir='ltr'>non</span> 
     </span>
     <span class='ocr_line' id='line_1_21' title="bbox 302 3081 1852 3199; baseline 0.001 -33"><span class='ocrx_word' id='word_1_224' title='bbox 302 3124 333 3167; x_wconf 71' lang='lat' dir='ltr'>o</span> <span class='ocrx_word' id='word_1_225' title='bbox 352 3111 595 3192; x_wconf 81' lang='lat' dir='ltr'><strong><em>permanente</em></strong></span> <span class='ocrx_word' id='word_1_226' title='bbox 616 3084 767 3199; x_wconf 77' lang='lat' dir='ltr'>effemid</span> <span class='ocrx_word' id='word_1_227' title='bbox 788 3118 857 3197; x_wconf 73' lang='lat' dir='ltr'>nec</span> <span class='ocrx_word' id='word_1_228' title='bbox 877 3091 1014 3172; x_wconf 65' lang='lat' dir='ltr'>natura</span> <span class='ocrx_word' id='word_1_229' title='bbox 1026 3085 1220 3197; x_wconf 75' lang='lat' dir='ltr'>fac&#39;libilis</span> <span class='ocrx_word' id='word_1_230' title='bbox 1241 3086 1281 3165; x_wconf 85' lang='lat' dir='ltr'>in</span> <span class='ocrx_word' id='word_1_231' title='bbox 1294 3082 1440 3194; x_wconf 62' lang='lat' dir='ltr'>facio,</span> <span class='ocrx_word' id='word_1_232' title='bbox 1464 3081 1566 3169; x_wconf 85' lang='lat' dir='ltr'>ficut</span> <span class='ocrx_word' id='word_1_233' title='bbox 1590 3083 1756 3171; x_wconf 73' lang='lat' dir='ltr'>essentia</span> <span class='ocrx_word' id='word_1_234' title='bbox 1787 3085 1852 3168; x_wconf 82' lang='lat' dir='ltr'>ni-</span> 
     </span>
     <span class='ocr_line' id='line_1_22' title="bbox 305 3198 1851 3317; baseline 0.003 -35"><span class='ocrx_word' id='word_1_235' title='bbox 305 3242 335 3284; x_wconf 72' lang='lat' dir='ltr'>n</span> <span class='ocrx_word' id='word_1_236' title='bbox 358 3202 458 3300; x_wconf 86' lang='lat' dir='ltr'>hili,</span> <span class='ocrx_word' id='word_1_237' title='bbox 479 3223 525 3284; x_wconf 92' lang='lat' dir='ltr'>ut</span> <span class='ocrx_word' id='word_1_238' title='bbox 548 3204 603 3285; x_wconf 89' lang='lat' dir='ltr'>ita</span> <span class='ocrx_word' id='word_1_239' title='bbox 624 3205 795 3316; x_wconf 82' lang='lat' dir='ltr'>loquar,</span> <span class='ocrx_word' id='word_1_240' title='bbox 819 3235 901 3317; x_wconf 88' lang='lat' dir='ltr'>non</span> <span class='ocrx_word' id='word_1_241' title='bbox 922 3227 1135 3316; x_wconf 84' lang='lat' dir='ltr'>permanet</span> <span class='ocrx_word' id='word_1_242' title='bbox 1152 3204 1201 3287; x_wconf 84' lang='lat' dir='ltr'>in</span> <span class='ocrx_word' id='word_1_243' title='bbox 1217 3201 1350 3310; x_wconf 87' lang='lat' dir='ltr'>aliquo</span> <span class='ocrx_word' id='word_1_244' title='bbox 1375 3224 1512 3287; x_wconf 90' lang='lat' dir='ltr'>creato</span> <span class='ocrx_word' id='word_1_245' title='bbox 1535 3234 1545 3285; x_wconf 75' lang='grc' dir='ltr'><strong>ε</strong></span> <span class='ocrx_word' id='word_1_246' title='bbox 1569 3204 1656 3312; x_wconf 91' lang='lat' dir='ltr'>ipso</span> <span class='ocrx_word' id='word_1_247' title='bbox 1687 3198 1851 3286; x_wconf 67' lang='lat' dir='ltr'>fraihni</span> 
     </span>
     <span class='ocr_line' id='line_1_23' title="bbox 307 3317 1851 3431; baseline 0.003 -32"><span class='ocrx_word' id='word_1_248' title='bbox 307 3357 336 3399; x_wconf 67' lang='grc' dir='ltr'><em>η</em></span> <span class='ocrx_word' id='word_1_249' title='bbox 360 3318 516 3419; x_wconf 83' lang='lat' dir='ltr'>etiam,</span> <span class='ocrx_word' id='word_1_250' title='bbox 541 3320 752 3431; x_wconf 88' lang='lat' dir='ltr'>postquam</span> <span class='ocrx_word' id='word_1_251' title='bbox 764 3324 827 3405; x_wconf 87' lang='lat' dir='ltr'>est</span> <span class='ocrx_word' id='word_1_252' title='bbox 840 3320 1012 3422; x_wconf 69' lang='lat' dir='ltr'>fastum,</span> <span class='ocrx_word' id='word_1_253' title='bbox 1032 3318 1074 3406; x_wconf 85' lang='lat' dir='ltr'>id</span> <span class='ocrx_word' id='word_1_254' title='bbox 1088 3325 1144 3407; x_wconf 89' lang='lat' dir='ltr'>est</span> <span class='ocrx_word' id='word_1_255' title='bbox 1161 3317 1554 3429; x_wconf 81' lang='lat' dir='ltr'>rmnfirbstnnriamm‚</span> <span class='ocrx_word' id='word_1_256' title='bbox 1569 3321 1766 3423; x_wconf 84' lang='lat' dir='ltr'>existente</span> <span class='ocrx_word' id='word_1_257' title='bbox 1787 3320 1851 3403; x_wconf 88' lang='lat' dir='ltr'>ni·</span> 
     </span>
     <span class='ocr_line' id='line_1_24' title="bbox 302 3432 1851 3551; baseline 0.003 -35"><span class='ocrx_word' id='word_1_258' title='bbox 302 3472 332 3517; x_wconf 73' lang='lat' dir='ltr'>o</span> <span class='ocrx_word' id='word_1_259' title='bbox 356 3434 414 3518; x_wconf 84' lang='lat' dir='ltr'>hil</span> <span class='ocrx_word' id='word_1_260' title='bbox 431 3435 651 3520; x_wconf 78' lang='lat' dir='ltr'>secundum</span> <span class='ocrx_word' id='word_1_261' title='bbox 671 3438 849 3547; x_wconf 90' lang='lat' dir='ltr'>speciem</span> <span class='ocrx_word' id='word_1_262' title='bbox 867 3439 1160 3550; x_wconf 81' lang='lat' dir='ltr'>(substantiae)</span> <span class='ocrx_word' id='word_1_263' title='bbox 1181 3443 1223 3523; x_wconf 88' lang='lat'>&amp;</span> <span class='ocrx_word' id='word_1_264' title='bbox 1237 3432 1437 3551; x_wconf 86' lang='lat' dir='ltr'>figuram,</span> <span class='ocrx_word' id='word_1_265' title='bbox 1457 3438 1499 3521; x_wconf 91' lang='lat' dir='ltr'>in</span> <span class='ocrx_word' id='word_1_266' title='bbox 1518 3466 1596 3547; x_wconf 91' lang='lat' dir='ltr'>qua</span> <span class='ocrx_word' id='word_1_267' title='bbox 1615 3440 1725 3548; x_wconf 77' lang='lat' dir='ltr'>prius</span> <span class='ocrx_word' id='word_1_268' title='bbox 1742 3458 1851 3539; x_wconf 85' lang='lat' dir='ltr'>erat,</span> 
     </span>
     <span class='ocr_line' id='line_1_25' title="bbox 204 3544 1852 3667; baseline 0.003 -34"><span class='ocrx_word' id='word_1_269' title='bbox 204 3596 210 3603; x_wconf 95' lang='lat'>·</span> <span class='ocrx_word' id='word_1_270' title='bbox 303 3590 330 3635; x_wconf 66' lang='grc' dir='ltr'><em>η</em></span> <span class='ocrx_word' id='word_1_271' title='bbox 355 3544 458 3635; x_wconf 84' lang='lat' dir='ltr'>ficut</span> <span class='ocrx_word' id='word_1_272' title='bbox 476 3554 814 3663; x_wconf 70' lang='lat' dir='ltr'>supmdittumast</span> <span class='ocrx_word' id='word_1_273' title='bbox 835 3586 848 3649; x_wconf 77' lang='lat'>3</span> <span class='ocrx_word' id='word_1_274' title='bbox 871 3562 913 3641; x_wconf 70' lang='grc' dir='ltr'><strong>ἃ</strong></span> <span class='ocrx_word' id='word_1_275' title='bbox 936 3559 1022 3642; x_wconf 86' lang='lat' dir='ltr'>haec</span> <span class='ocrx_word' id='word_1_276' title='bbox 1041 3559 1129 3642; x_wconf 85' lang='lat' dir='ltr'>talis</span> <span class='ocrx_word' id='word_1_277' title='bbox 1148 3554 1333 3667; x_wconf 87' lang='lat' dir='ltr'>operatio</span> <span class='ocrx_word' id='word_1_278' title='bbox 1356 3557 1413 3640; x_wconf 89' lang='lat' dir='ltr'>est</span> <span class='ocrx_word' id='word_1_279' title='bbox 1437 3557 1746 3641; x_wconf 87' lang='lat' dir='ltr'>Sacramentum</span> <span class='ocrx_word' id='word_1_280' title='bbox 1765 3556 1852 3639; x_wconf 78' lang='lat' dir='ltr'>Eu-</span> 
     </span>
     <span class='ocr_line' id='line_1_26' title="bbox 304 3670 1852 3808; baseline 0.003 -56"><span class='ocrx_word' id='word_1_281' title='bbox 304 3709 332 3753; x_wconf 78' lang='lat'><strong>„</strong></span> <span class='ocrx_word' id='word_1_282' title='bbox 356 3670 547 3755; x_wconf 65' lang='lat' dir='ltr'>charistia</span> <span class='ocrx_word' id='word_1_283' title='bbox 571 3670 587 3752; x_wconf 75' lang='grc' dir='ltr'>τ’</span> <span class='ocrx_word' id='word_1_284' title='bbox 604 3672 835 3785; x_wconf 82' lang='lat' dir='ltr'>Ergoissud</span> <span class='ocrx_word' id='word_1_285' title='bbox 858 3676 1167 3762; x_wconf 86' lang='lat' dir='ltr'>Sacramentum</span> <span class='ocrx_word' id='word_1_286' title='bbox 1180 3674 1383 3808; x_wconf 46' lang='lat' dir='ltr'>ert-alias</span> <span class='ocrx_word' id='word_1_287' title='bbox 1398 3673 1532 3784; x_wconf 89' lang='lat' dir='ltr'>quoad</span> <span class='ocrx_word' id='word_1_288' title='bbox 1550 3675 1666 3775; x_wconf 80' lang='lat' dir='ltr'>istum</span> <span class='ocrx_word' id='word_1_289' title='bbox 1679 3671 1852 3759; x_wconf 84' lang='lat' dir='ltr'>modum</span> 
     </span>
     <span class='ocr_line' id='line_1_27' title="bbox 304 3786 1854 3901; baseline 0.001 -30"><span class='ocrx_word' id='word_1_290' title='bbox 304 3828 331 3871; x_wconf 76' lang='lat' dir='ltr'>o</span> <span class='ocrx_word' id='word_1_291' title='bbox 354 3788 551 3897; x_wconf 84' lang='lat' dir='ltr'>operandi</span> <span class='ocrx_word' id='word_1_292' title='bbox 574 3786 708 3874; x_wconf 88' lang='lat' dir='ltr'>divina</span> <span class='ocrx_word' id='word_1_293' title='bbox 728 3795 904 3901; x_wconf 86' lang='lat' dir='ltr'>potestas</span> <span class='ocrx_word' id='word_1_294' title='bbox 931 3792 1032 3879; x_wconf 75' lang='lat' dir='ltr'>esset</span> <span class='ocrx_word' id='word_1_295' title='bbox 1052 3792 1248 3880; x_wconf 73' lang='lat' dir='ltr'>defetiiva</span> <span class='ocrx_word' id='word_1_296' title='bbox 1272 3820 1315 3874; x_wconf 91' lang='lat' dir='ltr'>m</span> <span class='ocrx_word' id='word_1_297' title='bbox 1342 3795 1430 3875; x_wconf 63' lang='lat' dir='ltr'>actu</span> <span class='ocrx_word' id='word_1_298' title='bbox 1451 3792 1703 3890; x_wconf 88' lang='lat' dir='ltr'>nobilitatis,</span> <span class='ocrx_word' id='word_1_299' title='bbox 1729 3790 1854 3878; x_wconf 50' lang='lat' dir='ltr'>hon!</span> 
     </span>
     <span class='ocr_line' id='line_1_28' title="bbox 305 3903 1849 4023; baseline -0.001 -33"><span class='ocrx_word' id='word_1_300' title='bbox 305 3905 481 4006; x_wconf 67' lang='lat' dir='ltr'>atatis,</span> <span class='ocrx_word' id='word_1_301' title='bbox 508 3906 824 4021; x_wconf 81' lang='lat' dir='ltr'>magnitudinis,</span> <span class='ocrx_word' id='word_1_302' title='bbox 848 3916 928 3996; x_wconf 80' lang='lat' dir='ltr'>&amp;c</span> <span class='ocrx_word' id='word_1_303' title='bbox 951 3903 1063 4023; x_wconf 88' lang='lat' dir='ltr'>quod</span> <span class='ocrx_word' id='word_1_304' title='bbox 1084 3915 1141 4000; x_wconf 89' lang='lat' dir='ltr'>est</span> <span class='ocrx_word' id='word_1_305' title='bbox 1165 3907 1406 4022; x_wconf 82' lang='lat' dir='ltr'>impossibile</span> <span class='ocrx_word' id='word_1_306' title='bbox 1429 3939 1440 4001; x_wconf 91' lang='lat'>;</span> <span class='ocrx_word' id='word_1_307' title='bbox 1464 3910 1556 4019; x_wconf 87' lang='lat' dir='ltr'>quia</span> <span class='ocrx_word' id='word_1_308' title='bbox 1577 3904 1631 3991; x_wconf 87' lang='lat' dir='ltr'>fic</span> <span class='ocrx_word' id='word_1_309' title='bbox 1661 3905 1711 3991; x_wconf 90' lang='lat' dir='ltr'>ad</span> <span class='ocrx_word' id='word_1_310' title='bbox 1733 3908 1849 3989; x_wconf 86' lang='lat' dir='ltr'>istum</span> 
     </span>
     <span class='ocr_line' id='line_1_29' title="bbox 304 4020 1850 4139; baseline 0.004 -34"><span class='ocrx_word' id='word_1_311' title='bbox 304 4061 333 4105; x_wconf 74' lang='lat' dir='ltr'>u</span> <span class='ocrx_word' id='word_1_312' title='bbox 357 4023 528 4109; x_wconf 88' lang='lat' dir='ltr'>modum</span> <span class='ocrx_word' id='word_1_313' title='bbox 555 4026 783 4136; x_wconf 85' lang='lat' dir='ltr'>implicaret</span> <span class='ocrx_word' id='word_1_314' title='bbox 805 4028 846 4111; x_wconf 93' lang='lat' dir='ltr'>in</span> <span class='ocrx_word' id='word_1_315' title='bbox 866 4031 905 4112; x_wconf 92' lang='lat' dir='ltr'>se</span> <span class='ocrx_word' id='word_1_316' title='bbox 928 4032 1157 4138; x_wconf 87' lang='lat' dir='ltr'>potentiam</span> <span class='ocrx_word' id='word_1_317' title='bbox 1174 4027 1253 4135; x_wconf 93' lang='lat' dir='ltr'>(id</span> <span class='ocrx_word' id='word_1_318' title='bbox 1274 4030 1331 4111; x_wconf 89' lang='lat' dir='ltr'>est</span> <span class='ocrx_word' id='word_1_319' title='bbox 1348 4028 1722 4139; x_wconf 89' lang='lat' dir='ltr'>potentialitatem)</span> <span class='ocrx_word' id='word_1_320' title='bbox 1739 4020 1850 4134; x_wconf 80' lang='lat' dir='ltr'>quod</span> 
     </span>
     <span class='ocr_line' id='line_1_30' title="bbox 305 4136 1852 4258; baseline 0.006 -36"><span class='ocrx_word' id='word_1_321' title='bbox 305 4136 335 4224; x_wconf 66' lang='lat'>53</span> <span class='ocrx_word' id='word_1_322' title='bbox 358 4144 414 4226; x_wconf 85' lang='lat' dir='ltr'>est</span> <span class='ocrx_word' id='word_1_323' title='bbox 432 4142 675 4253; x_wconf 81' lang='lat' dir='ltr'>impossibile‘</span> <span class='ocrx_word' id='word_1_324' title='bbox 693 4176 704 4225; x_wconf 76' lang='grc' dir='ltr'><em>τ</em></span> <span class='ocrx_word' id='word_1_325' title='bbox 725 4163 834 4258; x_wconf 77' lang='lat' dir='ltr'>ergo</span> <span class='ocrx_word' id='word_1_326' title='bbox 848 4146 1099 4255; x_wconf 67' lang='lat' dir='ltr'>praedistum·</span> <span class='ocrx_word' id='word_1_327' title='bbox 1111 4150 1420 4233; x_wconf 89' lang='lat' dir='ltr'>Sacramentum</span> <span class='ocrx_word' id='word_1_328' title='bbox 1442 4148 1511 4231; x_wconf 83' lang='lat' dir='ltr'>est.</span> <span class='ocrx_word' id='word_1_329' title='bbox 1844 4164 1852 4178; x_wconf 85' lang='lat'><strong><em>&#39;</em></strong></span> 
     </span>
     <span class='ocr_line' id='line_1_31' title="bbox 366 4258 1847 4375; baseline -0.004 -29"><span class='ocrx_word' id='word_1_330' title='bbox 366 4258 488 4346; x_wconf 92' lang='lat' dir='ltr'><strong>VIII.</strong></span> <span class='ocrx_word' id='word_1_331' title='bbox 513 4261 630 4346; x_wconf 92' lang='lat' dir='ltr'>Idem</span> <span class='ocrx_word' id='word_1_332' title='bbox 652 4263 795 4347; x_wconf 89' lang='lat' dir='ltr'>Lullus</span> <span class='ocrx_word' id='word_1_333' title='bbox 817 4264 983 4375; x_wconf 88' lang='lat' dir='ltr'>Disput.</span> <span class='ocrx_word' id='word_1_334' title='bbox 1006 4298 1089 4349; x_wconf 85' lang='lat' dir='ltr'>cum</span> <span class='ocrx_word' id='word_1_335' title='bbox 1109 4270 1265 4349; x_wconf 79' lang='lat' dir='ltr'>Humor</span> <span class='ocrx_word' id='word_1_336' title='bbox 1286 4266 1477 4353; x_wconf 79' lang='lat' dir='ltr'>Saracena</span> <span class='ocrx_word' id='word_1_337' title='bbox 1495 4262 1514 4368; x_wconf 94' lang='lat'>(</span> <span class='ocrx_word' id='word_1_338' title='bbox 1532 4283 1632 4347; x_wconf 90' lang='lat' dir='ltr'>tom.</span> <span class='ocrx_word' id='word_1_339' title='bbox 1648 4289 1689 4362; x_wconf 89' lang='lat'>4.</span> <span class='ocrx_word' id='word_1_340' title='bbox 1705 4266 1847 4372; x_wconf 70' lang='lat' dir='ltr'>&gt;part</span> 
     </span>
    </p>

    <p class='ocr_par' dir='ltr' id='par_1_4' title="bbox 244 4376 1853 4726">
     <span class='ocr_line' id='line_1_32' title="bbox 309 4376 1849 4498; baseline -0.001 -37"><span class='ocrx_word' id='word_1_341' title='bbox 309 4403 348 4461; x_wconf 87' lang='lat'>2.</span> <span class='ocrx_word' id='word_1_342' title='bbox 372 4376 413 4461; x_wconf 91' lang='lat' dir='ltr'>in</span> <span class='ocrx_word' id='word_1_343' title='bbox 437 4379 521 4482; x_wconf 86' lang='lat' dir='ltr'>ejus</span> <span class='ocrx_word' id='word_1_344' title='bbox 543 4406 628 4489; x_wconf 84' lang='lat' dir='ltr'>par·</span> <span class='ocrx_word' id='word_1_345' title='bbox 655 4411 693 4464; x_wconf 87' lang='lat'>2.</span> <span class='ocrx_word' id='word_1_346' title='bbox 722 4409 811 4492; x_wconf 86' lang='lat' dir='ltr'>cap.</span> <span class='ocrx_word' id='word_1_347' title='bbox 838 4412 876 4465; x_wconf 85' lang='lat'>2.</span> <span class='ocrx_word' id='word_1_348' title='bbox 899 4379 971 4498; x_wconf 85' lang='lat' dir='ltr'>fig.</span> <span class='ocrx_word' id='word_1_349' title='bbox 1002 4413 1066 4485; x_wconf 90' lang='lat'>14.</span> <span class='ocrx_word' id='word_1_350' title='bbox 1089 4386 1135 4469; x_wconf 83' lang='lat' dir='ltr'>de</span> <span class='ocrx_word' id='word_1_351' title='bbox 1156 4383 1421 4489; x_wconf 75' lang='lat' dir='ltr'>Eucharistia,</span> <span class='ocrx_word' id='word_1_352' title='bbox 1443 4410 1535 4495; x_wconf 83' lang='lat' dir='ltr'>pag.</span> <span class='ocrx_word' id='word_1_353' title='bbox 1558 4377 1621 4489; x_wconf 84' lang='lat'>38.</span> <span class='ocrx_word' id='word_1_354' title='bbox 1647 4376 1701 4464; x_wconf 85' lang='lat' dir='ltr'>fic</span> <span class='ocrx_word' id='word_1_355' title='bbox 1717 4378 1849 4488; x_wconf 75' lang='lat' dir='ltr'>loqui-</span> 
     </span>
     <span class='ocr_line' id='line_1_33' title="bbox 244 4492 1853 4621; baseline 0.01 -59"><span class='ocrx_word' id='word_1_356' title='bbox 244 4606 250 4615; x_wconf 13' lang='grc' dir='ltr'><em>ι</em></span> <span class='ocrx_word' id='word_1_357' title='bbox 304 4516 401 4579; x_wconf 68' lang='lat' dir='ltr'>mr:</span> <span class='ocrx_word' id='word_1_358' title='bbox 427 4496 532 4607; x_wconf 61' lang='lat' dir='ltr'>“ssi</span> <span class='ocrx_word' id='word_1_359' title='bbox 554 4497 594 4581; x_wconf 82' lang='lat' dir='ltr'>in</span> <span class='ocrx_word' id='word_1_360' title='bbox 619 4500 705 4609; x_wconf 92' lang='lat' dir='ltr'>ipso</span> <span class='ocrx_word' id='word_1_361' title='bbox 728 4501 993 4587; x_wconf 78' lang='lat' dir='ltr'>sacramento</span> <span class='ocrx_word' id='word_1_362' title='bbox 1012 4505 1070 4588; x_wconf 89' lang='lat' dir='ltr'>est</span> <span class='ocrx_word' id='word_1_363' title='bbox 1095 4504 1226 4621; x_wconf 74' lang='lat' dir='ltr'>major</span> <span class='ocrx_word' id='word_1_364' title='bbox 1251 4499 1538 4611; x_wconf 85' lang='lat' dir='ltr'>participatio,</span> <span class='ocrx_word' id='word_1_365' title='bbox 1563 4502 1603 4581; x_wconf 89' lang='lat'>&amp;</span> <span class='ocrx_word' id='word_1_366' title='bbox 1627 4496 1754 4601; x_wconf 85' lang='lat' dir='ltr'>majus</span> <span class='ocrx_word' id='word_1_367' title='bbox 1774 4492 1853 4608; x_wconf 82' lang='lat' dir='ltr'>fig-</span> 
     </span>
     <span class='ocr_line' id='line_1_34' title="bbox 303 4612 1853 4726; baseline 0.001 -31"><span class='ocrx_word' id='word_1_368' title='bbox 303 4653 333 4695; x_wconf 76' lang='lat'>„</span> <span class='ocrx_word' id='word_1_369' title='bbox 357 4640 456 4699; x_wconf 89' lang='lat' dir='ltr'>num</span> <span class='ocrx_word' id='word_1_370' title='bbox 478 4612 626 4700; x_wconf 76' lang='lat' dir='ltr'>divinae</span> <span class='ocrx_word' id='word_1_371' title='bbox 647 4620 887 4726; x_wconf 80' lang='lat' dir='ltr'>potestatis,</span> <span class='ocrx_word' id='word_1_372' title='bbox 914 4620 1119 4706; x_wconf 87' lang='lat' dir='ltr'>charitatis</span> <span class='ocrx_word' id='word_1_373' title='bbox 1142 4682 1156 4723; x_wconf 89' lang='lat'>,</span> <span class='ocrx_word' id='word_1_374' title='bbox 1188 4624 1230 4704; x_wconf 79' lang='grc' dir='ltr'>ἀ</span> <span class='ocrx_word' id='word_1_375' title='bbox 1252 4618 1488 4703; x_wconf 89' lang='lat' dir='ltr'>humilitatis</span> <span class='ocrx_word' id='word_1_376' title='bbox 1510 4618 1622 4699; x_wconf 92' lang='lat' dir='ltr'>inter</span> <span class='ocrx_word' id='word_1_377' title='bbox 1643 4615 1785 4698; x_wconf 89' lang='lat' dir='ltr'>Deum</span> <span class='ocrx_word' id='word_1_378' title='bbox 1809 4619 1853 4697; x_wconf 86' lang='lat'>&amp;-</span> 
     </span>
    </p>

    <p class='ocr_par' dir='ltr' id='par_1_5' title="bbox 303 4731 1853 4847">
     <span class='ocr_line' id='line_1_35' title="bbox 303 4731 1853 4847; baseline 0.001 -35"><span class='ocrx_word' id='word_1_379' title='bbox 303 4772 333 4812; x_wconf 66' lang='lat' dir='ltr'>a</span> <span class='ocrx_word' id='word_1_380' title='bbox 357 4731 709 4847; x_wconf 58' lang='lat' dir='ltr'>hominemque</span> <span class='ocrx_word' id='word_1_381' title='bbox 729 4740 863 4847; x_wconf 87' lang='lat' dir='ltr'>potest</span> <span class='ocrx_word' id='word_1_382' title='bbox 885 4736 966 4825; x_wconf 83' lang='lat' dir='ltr'>effe</span> <span class='ocrx_word' id='word_1_383' title='bbox 989 4740 1030 4824; x_wconf 91' lang='lat' dir='ltr'>in</span> <span class='ocrx_word' id='word_1_384' title='bbox 1052 4740 1116 4825; x_wconf 88' lang='lat' dir='ltr'>via</span> <span class='ocrx_word' id='word_1_385' title='bbox 1135 4770 1146 4831; x_wconf 89' lang='lat'>;</span> <span class='ocrx_word' id='word_1_386' title='bbox 1175 4764 1270 4822; x_wconf 85' lang='lat' dir='ltr'>nam</span> <span class='ocrx_word' id='word_1_387' title='bbox 1295 4737 1414 4821; x_wconf 84' lang='lat' dir='ltr'>Deus</span> <span class='ocrx_word' id='word_1_388' title='bbox 1443 4731 1718 4820; x_wconf 87' lang='lat' dir='ltr'>communicat</span> <span class='ocrx_word' id='word_1_389' title='bbox 1739 4732 1853 4837; x_wconf 36' lang='lat' dir='ltr'>,suam</span> 
     </span>
    </p>

    <p class='ocr_par' dir='ltr' id='par_1_6' title="bbox 299 4844 1853 4968">
     <span class='ocr_line' id='line_1_36' title="bbox 299 4844 1853 4968; baseline -0.001 -37"><span class='ocrx_word' id='word_1_390' title='bbox 299 4866 333 4931; x_wconf 63' lang='lat' dir='ltr'>a</span> <span class='ocrx_word' id='word_1_391' title='bbox 358 4844 561 4939; x_wconf 86' lang='lat' dir='ltr'>infinitam</span> <span class='ocrx_word' id='word_1_392' title='bbox 576 4856 821 4963; x_wconf 84' lang='lat' dir='ltr'>potestatem</span> <span class='ocrx_word' id='word_1_393' title='bbox 844 4852 969 4943; x_wconf 83' lang='lat' dir='ltr'>finitae</span> <span class='ocrx_word' id='word_1_394' title='bbox 992 4857 1182 4968; x_wconf 81' lang='lat' dir='ltr'>potestati</span> <span class='ocrx_word' id='word_1_395' title='bbox 1205 4855 1470 4965; x_wconf 87' lang='lat' dir='ltr'>Presbyteri,</span> <span class='ocrx_word' id='word_1_396' title='bbox 1498 4850 1608 4963; x_wconf 76' lang='lat' dir='ltr'>quod</span> <span class='ocrx_word' id='word_1_397' title='bbox 1631 4844 1853 4961; x_wconf 60' lang='lat' dir='ltr'>ipsopnssit</span> 
     </span>
    </p>

    <p class='ocr_par' dir='ltr' id='par_1_7' title="bbox 302 4955 1853 5085">
     <span class='ocr_line' id='line_1_37' title="bbox 302 4955 1853 5085; baseline -0.002 -37"><span class='ocrx_word' id='word_1_398' title='bbox 302 4982 334 5049; x_wconf 73' lang='lat'>2‘2</span> <span class='ocrx_word' id='word_1_399' title='bbox 359 4967 409 5054; x_wconf 89' lang='lat' dir='ltr'>de</span> <span class='ocrx_word' id='word_1_400' title='bbox 431 4996 537 5078; x_wconf 84' lang='lat' dir='ltr'>pane</span> <span class='ocrx_word' id='word_1_401' title='bbox 558 4968 693 5058; x_wconf 76' lang='lat' dir='ltr'>facere</span> <span class='ocrx_word' id='word_1_402' title='bbox 721 5000 913 5079; x_wconf 89' lang='lat' dir='ltr'>carnem,</span> <span class='ocrx_word' id='word_1_403' title='bbox 942 4955 1172 5061; x_wconf 76' lang='lat' dir='ltr'>&amp;devino</span> <span class='ocrx_word' id='word_1_404' title='bbox 1199 4973 1461 5085; x_wconf 84' lang='lat' dir='ltr'>sanguinem,</span> <span class='ocrx_word' id='word_1_405' title='bbox 1486 4968 1569 5054; x_wconf 88' lang='lat' dir='ltr'>fine</span> <span class='ocrx_word' id='word_1_406' title='bbox 1589 4965 1853 5081; x_wconf 83' lang='lat' dir='ltr'>generatione</span> 
     </span>
    </p>

    <p class='ocr_par' dir='ltr' id='par_1_8' title="bbox 303 5080 1852 5204">
     <span class='ocr_line' id='line_1_38' title="bbox 303 5080 1852 5204; baseline -0.006 -33"><span class='ocrx_word' id='word_1_407' title='bbox 303 5122 335 5167; x_wconf 74' lang='lat' dir='ltr'>n</span> <span class='ocrx_word' id='word_1_408' title='bbox 359 5090 404 5171; x_wconf 69' lang='grc' dir='ltr'>ὅ(</span> <span class='ocrx_word' id='word_1_409' title='bbox 425 5087 647 5201; x_wconf 84' lang='lat' dir='ltr'>digestione</span> <span class='ocrx_word' id='word_1_410' title='bbox 663 5095 709 5196; x_wconf 28' lang='lat'>¹&amp;</span> <span class='ocrx_word' id='word_1_411' title='bbox 729 5090 1157 5204; x_wconf 70' lang='lat' dir='ltr'>compofitionepanis</span> <span class='ocrx_word' id='word_1_412' title='bbox 1173 5122 1256 5175; x_wconf 86' lang='lat' dir='ltr'>cum</span> <span class='ocrx_word' id='word_1_413' title='bbox 1271 5120 1412 5191; x_wconf 84' lang='lat' dir='ltr'>came,</span> <span class='ocrx_word' id='word_1_414' title='bbox 1435 5086 1476 5177; x_wconf 69' lang='lat' dir='ltr'>o</span> <span class='ocrx_word' id='word_1_415' title='bbox 1496 5088 1577 5171; x_wconf 85' lang='lat' dir='ltr'>vini</span> <span class='ocrx_word' id='word_1_416' title='bbox 1593 5116 1675 5167; x_wconf 84' lang='lat' dir='ltr'>cum</span> <span class='ocrx_word' id='word_1_417' title='bbox 1686 5080 1852 5191; x_wconf 73' lang='lat' dir='ltr'>stingui-</span> 
     </span>
    </p>

    <p class='ocr_par' dir='ltr' id='par_1_9' title="bbox 278 5196 1854 5325">
     <span class='ocr_line' id='line_1_39' title="bbox 278 5196 1854 5325; baseline -0.003 -38"><span class='ocrx_word' id='word_1_418' title='bbox 278 5216 335 5310; x_wconf 43' lang='lat'>‚2‘2</span> <span class='ocrx_word' id='word_1_419' title='bbox 351 5216 439 5311; x_wconf 78' lang='lat' dir='ltr'>ne,</span> <span class='ocrx_word' id='word_1_420' title='bbox 469 5211 515 5293; x_wconf 76' lang='grc' dir='ltr'>ἀ</span> <span class='ocrx_word' id='word_1_421' title='bbox 537 5208 759 5325; x_wconf 74' lang='lat' dir='ltr'>substantiae</span> <span class='ocrx_word' id='word_1_422' title='bbox 781 5240 879 5299; x_wconf 88' lang='lat' dir='ltr'>cum</span> <span class='ocrx_word' id='word_1_423' title='bbox 901 5211 1138 5313; x_wconf 73' lang='lat' dir='ltr'>accidente,</span> <span class='ocrx_word' id='word_1_424' title='bbox 1167 5215 1209 5296; x_wconf 88' lang='lat'>&amp;</span> <span class='ocrx_word' id='word_1_425' title='bbox 1232 5208 1343 5321; x_wconf 73' lang='lat' dir='ltr'>quod</span> <span class='ocrx_word' id='word_1_426' title='bbox 1360 5208 1471 5295; x_wconf 89' lang='lat' dir='ltr'>idem</span> <span class='ocrx_word' id='word_1_427' title='bbox 1488 5206 1641 5300; x_wconf 91' lang='lat' dir='ltr'>homo,</span> <span class='ocrx_word' id='word_1_428' title='bbox 1660 5196 1854 5283; x_wconf 85' lang='lat' dir='ltr'>videlicet</span> 
     </span>
    </p>
   </div>
   <div class='ocr_carea' id='block_1_4' title="bbox 0 0 2580 6667">
    <p class='ocr_par' dir='ltr' id='par_1_10' title="bbox 0 0 2580 6667">
     <span class='ocr_line' id='line_1_40' title="bbox 0 0 2580 6667; baseline 0 0"><span class='ocrx_word' id='word_1_429' title='bbox 0 0 2580 6667; x_wconf 95' lang='lat' dir='ltr'> </span> 
     </span>
    </p>
   </div>
  </div>
 </body>
</html>
