5150 6667
192 720 195 727 !
658 596 1115 689 ‘DISSERr
1176 600 1211 685 Ι.
1273 602 1379 712 §.L
1713 605 1792 718 285

238 724 333 864 quia
354 750 412 837 ait
429 746 533 861 qudd
550 747 632 831 lroec
648 745 825 829 doc'lrino
837 741 962 854 siritd
989 743 1075 827 Deo
1088 743 1199 827 Lullo
1213 742 1380 826 revelata
1394 802 1409 846 ,
1425 746 1508 831 edm
1518 742 1656 856 fuisti,
1678 742 1797 834 &er-

236 898 356 953 ronea
372 865 452 969 ,θ
465 866 639 951 heretica
647 862 725 974 fir,
745 860 948 972 respec‘live
965 861 1093 973 quood
1111 861 1243 945 multo.
1401 923 1414 943 .

299 987 381 1069 III.
415 984 485 1069 De
498 985 574 1068 hac
594 980 765 1068 materia
782 978 965 1091 egimus,
981 1006 1084 1063 tom.
1111 1006 1148 1062 ι.
1174 1007 1262 1090 cap.
1291 1009 1363 1081 42.
1383 979 1434 1089 ad
1445 982 1565 1067 artic.
1594 1012 1687 1065 100.
1704 986 1795 1096 Ey-

151 1153 156 1165 ·
239 1104 388 1190 merici
411 1135 423 1197 t
447 1108 488 1189 oc
519 1099 609 1185 sane
641 1100 708 1185 hic
733 1096 895 1183 Censor
926 1094 1273 1183 animadversione
1301 1101 1515 1210 Eymerici
1535 1114 1795 1211 praeventus,

109 1315 115 1328 ,
235 1224 366 1309 etiam
383 1251 467 1307 non
486 1219 716 1331 distinguit,
734 1213 838 1312 ficut
861 1216 949 1317 ille,
965 1217 1072 1300 inter
1085 1236 1215 1331 artem
1229 1217 1362 1317 Lulli,
1376 1218 1537 1328 ejusque
1556 1218 1793 1303 domninam.

238 1340 320 1425 Ars
343 1340 453 1424 Lulli
469 1340 526 1423 est
549 1337 635 1445 ejus
658 1332 909 1421 discurrendi
924 1333 1141 1420 methodus
1163 1394 1177 1435 ,
1200 1331 1401 1445 principia
1424 1334 1658 1450 regulasque
1678 1366 1796 1423 com-

101 1458 102 1461 ‘
215 1453 443 1569 ‘plectens
461 1476 590 1567 prout
604 1456 730 1538 Tom.
750 1482 787 1536 z.
804 1454 957 1554 citato,
981 1482 1070 1561 cap.
1093 1482 1164 1552 42.
1185 1452 1702 1562 explicuimus,sedadliuc
1716 1454 1796 1539 dif-
1923 1472 1930 1485 ’

99 1616 102 1671 t
236 1572 366 1661 fufius
382 1579 510 1661 Tom.
536 1603 570 1656 1.
590 1571 677 1656 dist.
703 1602 737 1654 1.
753 1574 775 1653 a
789 1568 940 1656 differt.
965 1570 1210 1655 nDoCtrina
1224 1592 1362 1655 autem
1380 1575 1810 1674 Lulli,suntconclu·‚

98 1686 101 1771 ξ
176 1794 180 1803 .
237 1692 375 1780 liones
394 1696 465 1781 seu
483 1688 771 1789 deduttiones,
796 1717 892 1800 quas
915 1690 957 1773 in
980 1689 1094 1773 omni
1113 1688 1371 1774 scientiarum
1385 1720 1536 1804 genere
1564 1722 1616 1778 ex
1634 1695 1699 1779 sua
1721 1721 1796 1807 ge-

98 1832 100 1848 *
236 1814 371 1899 nerali
389 1807 587 1897 methodo
602 1805 796 1909 deducit,
813 1829 938 1917 prout
960 1807 1069 1891 inter
1090 1806 1215 1892 libros
1232 1809 1516 1922 Theologicos
1529 1811 1571 1895 in
1589 1813 1668 1897 hoc
1688 1813 1793 1897 libro

211 1928 417 2017 'sentent
457 1927 683 2011 dotlrinam
720 1924 1021 2041 Theologicam
1056 1926 1261 2034 exponit;
1295 1928 1438 2013 nullibi
1471 1950 1610 2014 tamen
1644 1929 1796 2014 fatetur

236 2050 386 2133 Lullus
401 2050 511 2132 suam
535 2044 786 2144 doctrinam,
813 2045 883 2128 seu
903 2043 1168 2131 deductiones
1192 2072 1244 2127 ex
1271 2066 1357 2129 arte
1376 2049 1582 2159 generali,
1602 2074 1700 2156 quas
1718 2076 1794 2132 ex·

238 2166 387 2279 ponit,
409 2160 539 2248 surse·
557 2158 632 2247 fibi
654 2163 903 2264 revelatam,
927 2165 1011 2246 imb
1048 2160 1199 2245 fatetur
1221 2162 1261 2246 se
1281 2163 1475 2251 laborasse
1499 2165 1541 2249 in
1565 2162 1796 2273 hujusmodi

234 2280 549 2369 conclufionum
583 2281 927 2393 investigatione,
957 2309 1002 2365 ac
1026 2308 1161 2365 errare
1186 2280 1361 2390 potuille
1394 2283 1498 2394 saepb
1529 2280 1715 2378 farctum
1752 2287 1802 2368 ἀ,
1864 2304 1869 2309 ’

237 2404 458 2515 propterea
472 2402 541 2485 sua
558 2400 696 2485 omnia
714 2399 959 2485 correctioni
981 2394 1177 2483 Ecclefiae
1201 2399 1415 2487 submittit.

298 2522 376 2608 IV.
409 2518 532 2604 Unde
552 2517 682 2602 solum
702 2517 752 2602 de
769 2518 835 2601 sua
849 2541 935 2603 arte
961 2516 1142 2630 generali
1163 2516 1265 2602 dicit
1281 2515 1356 2602 fibi
1377 2523 1398 2601 b
1421 2520 1519 2606 Deo
1539 2516 1656 2604 fuisse
1677 2546 1795 2604 reve·

240 2640 369 2724 latum
388 2668 398 2731 ς
418 2637 592 2748 qualiter
608 2659 747 2721 autem
767 2642 808 2722 δι
825 2636 1036 2746 quomodo
1050 2637 1130 2737 hoc
1150 2630 1200 2719 fit
1219 2635 1529 2751 intelligendum
1538 2637 1646 2722 dieto
1660 2697 1674 2737 ,
1689 2659 1792 2721 tom.
1910 2636 1916 2643 “

244 2768 283 2842 r.
309 2784 398 2866 cap.
422 2783 493 2856 42.
514 2777 652 2837 manet
674 2755 958 2865 explicatum,
987 2760 1028 2839 ἃ
1055 2755 1139 2865 ipse
1163 2754 1315 2839 indicat
1337 2756 1378 2839 in
1401 2759 1480 2842 hoc
1507 2756 1657 2842 eodem
1676 2774 1795 2839 textu

238 2875 413 2974 notatd,
432 2874 582 2957 namin
604 2873 779 2985 prologo
803 2872 919 2979 hujus
943 2873 1035 2957 nbri
1052 2873 1164 2979 juxta
1182 2874 1471 2986 Moguntinam
1492 2873 1718 2958 editionem
1738 2874 1795 2956 ita
1924 2910 1946 2949 ο

238 2994 433 3105 praefatur
448 3024 457 3074 ι
472 2991 729 3103 Raymundus
750 2992 909 3101 Purifiis
917 2987 1144 3099 studens',&
1164 2992 1405 3101 confidemus
1425 2990 1640 3103 perverfirm
1650 2990 1791 3098 statum
1825 3018 2006 3100 Ternprop.

239 3113 355 3215 hujus
380 3110 512 3194 mundi
533 3108 688 3194 multllm
716 3108 855 3211 doluit,
877 3107 918 3196 Cr
929 3108 1112 3219 potiffimd
1127 3107 1242 3219 firper
1262 3113 1333 3193 lroc
1346 3170 1360 3211 ,
1374 3112 1477 3221 qu‘dd
1493 3109 1568 3222 ipsi
1584 3140 1654 3219 per
1672 3133 1791 3193 artem
1829 3122 1856 3163 ¹·
2028 3126 2034 3142 ’

235 3228 477 3341 generalem,
501 3258 615 3340 quem
646 3228 835 3310 Dominus
861 3229 968 3311 Deus
990 3227 1050 3310 illi
1083 3228 1237 3349 dederat
1251 3259 1324 3337 pro
1356 3230 1590 3338 illustrandis
1629 3230 1792 3312 tenebris

237 3349 354 3451 liujus
375 3346 530 3445 mundi,
548 3376 625 3429 rem
641 3344 835 3453 publicam
850 3345 1026 3455 Ecclefiae
1044 3344 1183 3455 Christi
1195 3348 1363 3430 nondrim
1376 3351 1541 3457 potuerit
1548 3377 1790 3456 promovere,
1856 3419 1864 3452 s

238 3491 282 3550 ut
297 3463 482 3575 obstabat.
499 3462 643 3549 Postel
661 3482 796 3546 narrat
818 3462 1026 3573 quomodo
1046 3460 1209 3547 cuidam
1235 3456 1430 3552 Eren'ritae
1445 3464 1698 3566 obviaverit,
1723 3465 1792 3575 qui
1943 3544 1946 3548 ,

238 3574 282 3668 in
304 3584 408 3695 libro
432 3582 613 3695 Magistri
636 3582 822 3666 Sentent.
843 3580 1033 3691 quasdam
1056 3581 1244 3669 difficiles
1263 3585 1501 3694 quaestiones
1525 3585 1790 3685 observabat,
1942 3630 1954 3651 ·

238 3732 316 3789 neo
339 3702 683 3793 solvere-sciebat;
709 3703 751 3784 δι
769 3699 925 3809 quiaad
942 3700 1060 3808 hujus
1084 3703 1207 3787 verba
1220 3704 1364 3788 Lullus
1379 3705 1526 3789 tacitus
1547 3709 1587 3789 &
1601 3699 1790 3787 confide:

238 3820 443 3906 rabrmdus
456 3816 723 3930 persistebat,
746 3841 1010 3926 percontatus
1038 3820 1087 3904 ab
1105 3820 1290 3905 Eremita
1303 3824 1343 3907 in
1364 3850 1445 3932 quo
1464 3821 1691 3933 cogitabat,
1709 3818 1790 3903 res-
1945 3886 1949 3895 .
1968 3830 1977 3845 “

237 3938 388 4049 pondit
415 3970 426 4019 r
464 3937 599 4047 Cogito
620 3937 830 4048 dequodam
851 3966 933 4022 one
951 3938 1150 4047 generali,
1172 3968 1285 4051 quam
1304 3942 1412 4023 Deus
1441 3942 1534 4023 milri
1558 3936 1715 4045 ostendit
1746 3937 1787 4017 in

237 4057 402 4169 quodam
427 4082 548 4139 monte
566 4114 580 4156 ,
601 4086 684 4137 cum
712 4083 786 4165 qua
809 4055 967 4141 libenter
996 4056 1052 4141 ad
1069 4060 1252 4142 bonorem·
1264 4058 1342 4141 Dei
1364 4055 1405 4142 ἃ
1425 4084 1527 4141 tuam
1544 4085 1677 4166 parem
1703 4060 1787 4164 ten·

83 4254 87 4271 ,
237 4177 331 4260 rabo
344 4171 493 4283 firlvere
511 4199 600 4256 ruas
619 4174 852 4285 questiones.
1097 4182 1100 4187 ’

178 4280 192 4309 ’
299 4293 353 4381 V.
386 4290 491 4376 sane
509 4320 564 4376 ex
578 4292 712 4377 relatis
732 4291 843 4374 Lulli
861 4292 1185 4403 exprellionibus
1203 4296 1364 4379 tantum
1381 4294 1468 4379 erui
1483 4295 1635 4405 potest,
1655 4291 1787 4399 ipsum

235 4410 357 4495 fateri
373 4411 484 4495 suam
505 4431 634 4495 artem
648 4409 882 4523 generalem
896 4410 977 4497 elle
993 4411 1198 4525 quoddam
1219 4414 1303 4498 Dei
1326 4414 1481 4499 donum
1503 4412 1639 4496 eidem
1658 4410 1787 4492 colla-

139 4596 142 4608 .
236 4524 471 4641 tum,s1eut
493 4527 949 4616 omnes-intellettuales
976 4530 1131 4615 notitiae
1161 4532 1240 4617 dici
1255 4530 1419 4642 pollirnt
1435 4528 1515 4614 elle
1538 4529 1623 4613 Dei
1647 4528 1754 4611 dona
1770 4581 1808 4628 ,·

113 4688 116 4697 ¹
235 4649 335 4731 eum
353 4676 436 4732 non
459 4649 508 4733 ab
532 4650 642 4750 alio,
674 4642 748 4731 nifi
771 4648 793 4731 ὲ
814 4648 912 4747 Deo
935 4707 948 4749 ‚
981 4651 1236 4750 habeantur,
1254 4653 1350 4761 quin
1374 4648 1578 4733 indicetur
1602 4646 1785 4755 specialis

120 4794 126 4807 ·
234 4772 280 4849 ἃ
305 4768 613 4874 supernaturalis
633 4764 827 4851 revelatio
842 4769 883 4855 in
908 4765 1021 4853 dietis
1044 4770 1205 4869 verbis,
1222 4768 1317 4852 licet
1339 4768 1433 4850 alibi
1455 4827 1468 4866 ,
1491 4766 1664 4850 utrius
1692 4762 1785 4849 locb

233 4884 545 4993 explicuimus,
573 4884 727 4970 indicet
748 4880 863 4973 fuisse
887 4886 1042 4971 donum
1064 4889 1309 4997 supernum‚·
1332 4883 1444 4995 quod
1466 4886 1636 4995 qualiter
1661 4878 1785 4961 fuerit

232 5002 394 5091 ibidem
424 5004 699 5092 discuffimus:
719 5002 847 5088 sollnn
866 5027 1003 5090 autem
1025 5004 1091 5090 hle
1116 5028 1256 5089 notare
1289 5024 1457 5113 oportet
1479 5064 1492 5103 ‚
1516 5000 1682 5085 Lullum
1700 5023 1785 5078 non

231 5121 430 5231 jactanter
445 5128 486 5208 dr
500 5127 542 5209 in
561 5124 689 5233 seipso
705 5120 984 5209 confidentem
1004 5152 1050 5210 ea
1068 5126 1191 5207 verba
1203 5118 1432 5231 exprellill'e
1453 5183 1466 5221 ,
1490 5118 1558 5202 sed
1577 5115 1785 5199 humiliter

229 5246 280 5329 ἃ
300 5240 385 5327 solo
407 5242 494 5330 Dei
514 5242 643 5330 fretus
665 5240 815 5366 auxilio
828 5238 1121 5354 praesumpfille
1146 5242 1383 5352 questiones
1407 5235 1681 5348 Theologicas
1703 5231 1785 5317 sol-
