5150 6667
453 633 458 643 ’
566 631 1485 753 DlssERT.1x.§.111„
1719 675 1802 765 2³7

239 820 279 864 -υ
304 775 487 866 tiendum
506 771 761 879 eli-secisse,
787 777 857 866 sed
877 778 1100 888 secundbm
1128 780 1427 892 proprietatem
1457 781 1674 890 cuiusslret
1687 789 1801 879 subs·
1891 801 1898 812 “
1952 761 1957 769 ’

248 917 459 982 „tantiae
517 934 521 948 ·
717 953 722 957 -

313 1013 533 1102 XXXVII.
555 1012 690 1096 Inhac
709 1006 800 1116 sane
820 1010 1028 1098 Guillelmi
1037 1011 1207 1098 Abbatis
1222 1012 1405 1102 domim
1420 1016 1657 1106 continetur
1668 1019 1804 1127 idem,

247 1132 368 1244 quod
385 1133 426 1216 in
452 1152 542 1216 tota
561 1130 636 1216 hac
658 1125 953 1216 Dissertatione
979 1129 1103 1216 donet
1124 1131 1306 1234 Lulltu,
1340 1127 1563 1238 videlicet,
1595 1136 1805 1228 Christum

147 1335 151 1344 ,
248 1245 567 1336 bominmnesse
594 1249 828 1334 incaelo&
843 1247 1035 1348 interra,
1062 1249 1294 1359 &ubique,
1313 1247 1411 1335 licet
1428 1252 1655 1340 humanitas
1672 1285 1750 1368 per
1764 1259 1810 1346 se·
1854 1253 1860 1262 ’
1906 1311 1910 1316 -

250 1369 418 1453 tantbm
438 1363 487 1450 sit
506 1367 548 1450 in
561 1366 656 1450 loco
671 1364 970 1454 determinato:
988 1393 1137 1475 corpus
1157 1364 1309 1451 Christi
1324 1369 1449 1453 etiam
1465 1371 1813 1472 sacramentaliter*

253 1483 418 1588 tambm
431 1481 513 1569 else
528 1485 569 1568 in
591 1481 757 1569 diversrs
770 1483 871 1568 locis
888 1542 902 1583 ,
931 1479 1044 1593 posse
1060 1504 1196 1568 tamen
1210 1481 1292 1572 else
1309 1485 1487 1596 ubique,
1501 1483 1532 1571 s1
1546 1489 1648 1576 velit
1662 1486 1808 1587 Dente

253 1602 338 1688 boc
362 1623 532 1700 autem,
555 1599 667 1712 qubd
686 1599 798 1717 idem
816 1601 855 1686 in
874 1597 1040 1710 diversis
1052 1599 1159 1684 locis
1181 1603 1525 1715 lamentaliter
1547 1600 1630 1692 esse
1653 1610 1807 1718 pellit,

112 1807 115 1814 ,
257 1722 384 1806 habet
406 1720 565 1804 ratione
586 1719 748 1805 unionis
771 1747 868 1803 cum
894 1717 1030 1816 divina
1060 1737 1237 1820 natiue,
1269 1740 1395 1829 prout
1428 1718 1555 1810 docet
1591 1726 1735 1811 Lullus
1763 1732 1809 1814 ἀ

252 1839 328 1924 alii
343 1837 458 1922 citati
476 1867 488 1918 ε
511 1835 656 1946 quibus
671 1837 873 1921 consentit
886 1831 1055 1921 Cardin.
1071 1830 1325 1948 Cienfucgos
1339 1839 1462 1922 citata
1474 1837 1642 1950 Disput.
1661 1873 1698 1927 ι.
1714 1844 1805 1930 seit.

264 1963 307 2038 6.
332 1983 444 2038 num.
470 1981 563 2064 127.
594 1953 665 2038 ubi
677 1982 754 2065 pro
777 1953 1017 2054 Sententia,
1068 1979 1129 2036 uae
1149 1952 1362 2064 prasentia
1381 1955 1658 2065 replicationem
1682 1959 1808 2070 solunt

259 2073 376 2172 Deo,
399 2071 465 2156 vel
488 2072 703 2158 Ditt‘nitati
719 2075 823 2156 unito
837 2070 1011 2183 fitbjedo
1034 2095 1237 2178 conpetere
1251 2071 1355 2188 poffe
1372 2074 1511 2177 dom,
1537 2075 1719 2189 allegatis
1747 2077 1806 2162 D.
1942 2125 1956 2158 ι

261 2191 417 2278 Bonav.
440 2188 499 2274 D.
518 2189 684 2302 Thumi
702 2249 716 2290 ,
737 2194 779 2276 ἀ
794 2189 1017 2275 Guillelmo
1030 2187 1215 2290 Abbate,
1229 2189 1411 2299 quamvis
1425 2221 1509 2278 non
1521 2193 1623 2301 adeo
1637 2193 1811 2298 affusa,

187 2316 203 2350 '
253 2329 310 2394 ut
331 2307 427 2408 hle,
450 2303 680 2420 subjungit:
706 2349 732 2390 n
756 2307 888 2419 quue
912 2307 1047 2416 reipsl
1070 2305 1236 2401 tradunt
1254 2308 1490 2395 Scholastici
1506 2368 1522 2409 ‚
1540 2311 1636 2394 cum
1659 2309 1815 2401 docent

261 2467 291 2510 n
315 2425 557 2510 humanitati
574 2425 726 2512 Christi
747 2425 925 2510 Domini
947 2421 1068 2510 titulb
1087 2423 1215 2510 nexus
1242 2425 1487 2538 hypostaticxi
1510 2424 1653 2527 deberi
1676 2429 1816 2526 omnia

156 2596 162 2604 -
253 2537 290 2627 ἢ,
314 2543 525 2657 privilegia
539 2542 675 2630 eidem
688 2541 1399 2654 possibilio,convenientiaque,vel
1408 2571 1497 2655 quae
1513 2544 1640 2655 ipsam
1653 2566 1813 2634 ornant.
1973 2591 1980 2602 x

251 2703 290 2744 n
316 2663 373 2747 Et
389 2660 663 2746 immediatibs
686 2661 850 2763 adhuc,
881 2660 981 2746 dum
1002 2659 1206 2771 probant,
1229 2659 1439 2747 Christum
1469 2662 1703 2748 Dominum
1722 2692 1815 2752 me·

137 2873 142 2878 ,
256 2822 293 2862 υ
319 2777 438 2863 ruisse
467 2778 760 2864 institutionem
784 2785 825 2864 ὅ(
856 2778 1139 2888 excellentiam
1160 2777 1279 2885 huius
1315 2780 1482 2864 maximi
1504 2781 1814 2866 Sacramentin.

253 2895 468 2984 Eamdem
491 2897 747 2982 Sententiam
768 2895 826 2982 ibi
844 2895 920 2982 ado
951 2917 1011 2981 tat
1037 2894 1295 2997 Cardinalis,
1314 2898 1458 3004 &ejus
1479 2894 1686 3006 supposui
1702 2898 1815 2984 veri·

268 3037 351 3101 tate
376 3013 528 3116 insert,
550 3013 663 3124 quod
685 3013 832 3100 ebdem
851 3014 902 3099 tit
947 3014 972 3098 ὁ
998 3012 1159 3098 unionis
1181 3014 1385 3124 competit
1410 3014 1580 3124 corpori
1602 3014 1754 3100 Christi
1774 3014 1818 3100 in

269 3133 520 3220 Eucharistia
536 3131 628 3218 usus
655 3131 707 3217 de
733 3131 866 3233 fatto,
889 3160 1134 3244 quamquam
1151 3130 1441 3234 miraculosus,
1462 3133 1652 3218 sensuum
1673 3137 1716 3218 ἀ
1736 3161 1819 3244 po-

271 3271 506 3340 tenturum.

328 3365 568 3456 XXXVIII.
595 3367 646 3451 In
677 3329 864 3454 eanbem
888 3367 1139 3454 'sententiam
1166 3364 1241 3452 ivit
1272 3365 1500 3453 Cardinalis
1533 3366 1731 3453 Nicolaus
1762 3366 1815 3473 de
1998 3452 2002 3461 ,

269 3484 404 3588 Cusa,
434 3485 505 3571 lib.
532 3513 571 3596 a·
592 3474 875 3570 Excitanonom
897 3485 940 3570 in
960 3487 1159 3572 Sermone
1178 3517 1189 3569 ε
1212 3487 1304 3570 Hoc
1314 3483 1436 3596 facite
1454 3488 1494 3568 in
1512 3515 1632 3570 neom
1655 3514 1818 3570 comme·

268 3606 542 3704 ntorntiontnt,
561 3629 662 3718 pag.
689 3611 784 3716 396.
812 3603 981 3690 dicens:
1003 3607 1092 3690 Scio
1113 3606 1241 3703 enirn,
1264 3604 1368 3716 quo'd
1385 3604 1469 3687 Deo
1487 3605 1661 3687 convenit
1681 3605 1818 3715 ubique

144 3743 150 3754 ”
268 3721 339 3838 effe
359 3755 377 3824 ;
397 3723 542 3806 homini
560 3721 601 3834 in
623 3751 699 3807 uno
725 3723 807 3807 loco
822 3725 968 3807 tantzlm
989 3753 1000 3805 ε
1028 3723 1122 3836 quid
1138 3723 1272 3810 mitum
1285 3780 1300 3823 ,
1308 3720 1350 3832 fi
1369 3722 1453 3804 Deo
1476 3715 1679 3806 &bononi
1694 3721 1822 3803 medio

270 3841 408 3941 modo,
432 3869 509 3924 non
525 3839 662 3952 ubique
676 3836 756 3940 5&
784 3859 860 3924 rton
882 3843 923 3924 in
942 3869 1018 3924 uno
1039 3841 1122 3924 loco
1143 3841 1323 3938 tontum,
1338 3837 1469 3947 sedin
1489 3835 1667 3946 pluribus
1683 3839 1707 3920 ‚²
1724 3839 1820 3921 Hoc

192 3997 199 4014 ·
270 3957 396 4044 etiam
418 3957 518 4043 alter
532 3957 811 4060 Teutonicus,
827 3962 869 4042 δε
889 3955 1116 4043 Cardinalis
1131 3953 1360 4068 designatus
1370 3953 1544 4041 Ioannes
1558 3955 1821 4064 Gropperus,

273 4081 318 4162 ἀ
350 4073 515 4186 quidem
537 4075 755 4187 expressilu
772 4073 928 4162 fatetur
941 4075 983 4159 in
1004 4073 1167 4160 laudato
1188 4102 1315 4184 opere
1335 4074 1382 4155 de
1395 4071 1661 4180 Eucharistia,
1681 4094 1757 4156 art.
1785 4100 1820 4155 r.
1930 4113 1942 4126 κ

251 4219 369 4302 ·cap.
397 4217 460 4302 15.
483 4219 574 4308 pag.
600 4223 667 4299 29.
691 4219 779 4303 cap.
807 4217 871 4304 55.
893 4221 983 4307 pag.
1014 4189 1110 4302 278.
1135 4197 1178 4277 δι
1209 4215 1306 4300 295.
1328 4191 1401 4274 ubi
1423 4187 1477 4275 sic
1498 4190 1670 4275 scribit:
1692 4218 1719 4258 o
1737 4187 1823 4276 Sed
1960 4252 1964 4262 .

250 4333 303 4395 'n
327 4309 407 4396 boc
431 4340 506 4396 nos
527 4309 730 4412 dicimus,
758 4310 1087 4422 quandoquidem
1106 4309 1291 4396 Christus
1314 4309 1432 4392 Deus
1453 4308 1644 4393 &homo
1666 4309 1747 4409 est,
1778 4312 1822 4392 δι

250 4470 302 4512 ·„
328 4457 478 4540 corpus
502 4429 617 4536 eius,
647 4429 744 4517 litet
762 4430 985 4516 lslrmawm
1003 4427 1081 4529 fit,
1102 4450 1238 4517 tamen
1253 4421 1523 4525 deificatum,
1547 4430 1590 4509 bt
1613 4437 1710 4509 cum
1736 4423 1824 4534 pri·

271 4587 304 4630 22
330 4547 406 4633 mis
426 4546 660 4638 admirabile
675 4551 916 4661 corpusost,
934 4549 984 4634 ea
997 4549 1115 4634 cauni
1136 4543 1252 4656 posse·
1272 4572 1368 4630 eum
1382 4602 1396 4644 ,
1410 4563 1562 4652 utpote.
1576 4541 1686 4652 apud
1700 4570 1824 4653 quem

170 4683 211 4706 ²
249 4705 312 4748 vn-
330 4695 413 4750 non
436 4667 494 4750 est
515 4667 757 4778 impollibile
778 4695 901 4752 omne
921 4668 1120 4767 verbiun,
1152 4663 1253 4750 illud
1280 4661 1391 4747 idem
1420 4687 1570 4769 corpus
1592 4660 1709 4744 suum
1734 4660 1825 4744 ubi·

273 4823 306 4868 „
332 4811 506 4894 cunque
529 4785 629 4871 velit
650 4786 956 4872 substantialiter
968 4785 1162 4870 exhibere
1180 4813 1193 4878 3
1214 4788 1255 4868 ἂ
1274 4781 1376 4866 citra
1396 4776 1594 4880 dubium,
1608 4777 1719 4884 juxta
1739 4779 1825 4860 ser·

200 4987 203 4990 .
272 4942 305 4986 n
332 4929 501 4988 monem
518 4897 661 4990 illum:
682 4906 773 4990 Hoc
793 4905 846 5014 ost
863 4919 998 5016 rmus
1019 4933 1168 5005 meum,
1190 4897 1292 4984 locis
1311 4897 1524 4997 omnibus,
1539 4896 1683 5008 quibus
1700 4919 1826 4979 venc-

272 5049 314 5104 υ·
333 5019 457 5107 rabile
489 5022 827 5125 Sacramentum,
863 5019 966 5108 ficut
999 5015 1048 5108 ab
1086 5021 1155 5106 illo
1186 5015 1411 5101 institutum
1441 5011 1540 5114 est,
1576 5002 1826 5109 conficitur,

251 5175 307 5222 n
333 5140 459 5224 etiam
471 5143 614 5227 reveri
635 5141 828 5228 exbibete
847 5143 1050 5252 praesens,
1072 5138 1128 5223 ita
1149 5157 1314 5236 tamen,
1332 5156 1379 5217 ut
1392 5131 1638 5243 propterel,
1659 5124 1827 5212 Coelum

272 5297 308 5340 υ
334 5254 522 5346 deserere
542 5282 630 5346 non·
648 5280 820 5382 cogatur
837 5299 879 5342 n.
915 5261 972 5346 Et
992 5283 1084 5370 pag.
1119 5283 1216 5366 279.
1238 5249 1294 5340 fic
1315 5249 1484 5338 scribit:
1520 5275 1549 5319 u
1565 5247 1628 5334 In
1643 5245 1826 5348 summa,
