5150 6667
1215 341 1242 399 ἱ

640 680 1448 799 JDISSERT.1.,§‚11.
1783 724 1832 808 23

293 826 419 914 Serm.
449 830 543 913 126.
577 854 690 912 num.
717 822 756 908 8.
784 856 810 895 o
829 826 1041 927 Laetetur,
1069 826 1138 939 qui
1160 822 1350 940 intelligit
1368 859 1379 921 ς
1396 826 1600 937 patienter
1617 825 1749 931 ferat,
1768 834 1838 942 qui

290 986 315 1029 o
332 974 417 1031 non
441 944 633 1056 intelligit
653 976 663 1025 :
692 940 803 1053 quod
830 972 913 1035 non
935 942 1124 1056 intelligit
1141 940 1267 1043 ferat,
1289 948 1332 1057 dr
1349 964 1397 1027 ut
1415 945 1614 1057 intelligat
1633 944 1807 1032 differat.

349 1092 417 1146 21.
441 1060 544 1145 Duo
569 1060 660 1145 sane
682 1060 899 1145 hominum
920 1086 1069 1171 genera
1096 1058 1303 1173 distinguit
1325 1060 1467 1144 Lullus
1491 1061 1532 1145 in
1554 1062 1634 1146 hoc
1668 1063 1840 1162 Textuz

291 1178 434 1263 Unum
465 1180 523 1263 est
545 1178 747 1277 illorum,
779 1176 849 1284 qui
877 1178 978 1259 liant
1005 1174 1056 1258 ad
1081 1172 1305 1287 politiones
1321 1179 1525 1290 tannim,
1559 1178 1638 1263 hoc
1662 1182 1719 1263 est
1747 1180 1842 1263 illo·
1868 1234 1876 1243 -

291 1324 419 1397 nrm,
459 1294 529 1404 qui
563 1294 630 1379 vel
661 1295 715 1378 ob
751 1292 1074 1377 imbecillitatem
1099 1291 1359 1392 intellettsls,
1384 1294 1451 1377 vel
1480 1296 1533 1378 ob
1553 1296 1844 1404 particularem

291 1411 339 1496 ad
368 1412 572 1499 exteriora
602 1409 960 1519 applicationem,
996 1437 1080 1493 non
1115 1408 1207 1491 sunt
1235 1405 1417 1517 dispositi
1444 1409 1494 1493 ad
1530 1411 1845 1525 investigandam

291 1529 508 1614 veritatem
544 1524 826 1611 Articulorum
862 1522 958 1609 fidei
985 1556 1001 1637 :¹
1021 1526 1063 1607 in
1100 1522 1180 1608 istis
1210 1524 1361 1609 veritas
1394 1524 1679 1634 Articulorum
1714 1526 1846 1632 fidei,

291 1674 381 1756 quae
414 1643 530 1731 fibia
551 1644 752 1757 Magistris
771 1702 785 1744 ,
807 1641 875 1727 vel
896 1640 1126 1726 Pastoribts
1153 1638 1233 1725 fuit
1254 1637 1499 1759 proposita,
1531 1647 1750 1756 postquam·
1774 1676 1847 1731 eos

290 1764 372 1869 iarn
399 1791 484 1846 non
515 1760 716 1861 audiunt,
741 1760 983 1845 restauratur
1010 1758 1079 1842 se‘u
1112 1758 1374 1844 conservatur
1404 1758 1631 1845 incorum
1663 1763 1845 1848 creduli-

292 1900 375 1965 tate
398 1874 516 1979 sold,
544 1879 771 1991 quatenus,
799 1876 930 1961 solltm
949 1873 1123 1964 credunt
1144 1934 1158 1975 ,
1183 1875 1274 1983 quia
1298 1876 1458 1959 tantdm
1479 1878 1580 1961 stant
1599 1879 1649 1991 ad
1669 1879 1845 1990 politio-

293 2025 398 2097 nes,
422 1996 518 2106 quin
542 2017 688 2079 curent
704 2020 780 2105 per
805 1990 1008 2077 rationem
1031 1990 1256 2103 intelligere
1281 1992 1408 2099 ipsam
1432 1994 1649 2101 veritatem
1669 2027 1683 2089 ;
1709 2002 1750 2083 dr
1765 2000 1846 2082 hu-

294 2110 469 2221 jusmodi
494 2101 575 2196 sola
610 2110 828 2197 credulitas
851 2112 908 2193 est
930 2090 1149 2194 necessaria
1177 2105 1377 2215 praedittis
1410 2111 1641 2197 hominibus
1663 2134 1756 2213 ,ut
1777 2116 1848 2198 suo

294 2230 424 2315 modo
451 2230 640 2315 veritates
660 2224 758 2313 fidei
781 2224 1040 2337 percipiant:
1068 2220 1193 2309 Aliud
1210 2251 1339 2336 genus
1362 2226 1577 2311 hominurn
1600 2233 1656 2313 est
1677 2259 1849 2333 eorum,

288 2348 366 2459 qui
387 2376 471 2431 non
494 2349 597 2432 stant-
617 2346 668 2430 ad
690 2341 912 2457 pofitiones
927 2344 1087 2429 tantllrn
1101 2338 1208 2455 ,Used
1229 2366 1305 2449 per
1326 2342 1562 2428 necessarias
1586 2347 1763 2432 rationes
1786 2348 1851 2429 in-

294 2464 494 2577 vestigant
516 2465 732 2548 veritatem
752 2460 1063 2577 Articulorum,
1086 2485 1207 2567 quam
1227 2454 1308 2542 fide
1327 2482 1602 2570 perceperunt
1617 2494 1629 2553 ;
1645 2468 1688 2548 δι
1706 2493 1851 2548 eorum

297 2578 525 2667 intellectus
546 2580 698 2666 neddm
725 2574 836 2677 fide,
860 2581 902 2661 δι
927 2572 1166 2660 credulitate
1187 2575 1367 2684 percipit
1396 2576 1518 2661 distas
1537 2578 1758 2682 veritates,
1781 2580 1851 2665 sed

300 2698 428 2781 etiam
442 2696 603 2808 attingit
625 2692 890 2805 intelligentis
905 2724 915 2786 ;
933 2696 973 2777 dr
990 2687 1173 2801 respetlu
1196 2690 1363 2774 istorum
1381 2696 1519 2802 posted
1540 2696 1715 2804 probat,
1739 2697 1851 2807 quod

304 2812 348 2895 T
349 2809 540 2921 heologia
561 2815 618 2895 est
629 2811 792 2919 proprie
809 2809 1000 2909 scientia,
1022 2807 1115 2916 quia
1136 2835 1282 2892 eorum
1304 2811 1530 2894 intellectus
1547 2840 1623 2920 per
1636 2816 1854 2922 proprium

304 2930 348 3011 dr
378 2920 685 3011 connaturalem
711 2926 869 3023 auum,
894 2923 961 3033 qui
984 2924 1039 3007 est
1056 2924 1280 3039 intelligere
1305 2926 1376 3012 seu
1396 2927 1502 3009 clare
1520 2926 1767 3036 percipere,
1791 2950 1856 3012 at-

304 3044 431 3156 tingit
462 3042 583 3126 distas
605 3042 812 3127 veritates.
1534 3063 1543 3079 ·

370 3189 439 3244 22.
458 3158 581 3243 Unde
606 3158 811 3243 immeritd
824 3152 1004 3240 laudatus
1020 3154 1179 3242 Censor
1201 3158 1357 3244 scribit:
1377 3156 1720 3269 Texrursecundus
1737 3161 1852 3245 eriam

302 3276 458 3359 'ridetur
482 3276 769 3385 indicurefidern
788 3272 930 3379 asticis
947 3276 1092 3358 tuntum
1116 3274 1185 3389 effe
1206 3276 1485 3391 neceffirriom;
1513 3278 1564 3362 de
1588 3303 1669 3386 quo
1697 3278 1856 3391 egimus

308 3392 437 3475 Tom.
469 3420 503 3472 r.
524 3388 611 3499 cap.
633 3421 705 3492 40.
730 3388 780 3477 ad
797 3410 870 3473 art.
893 3418 961 3497 97.
981 3390 1220 3501 Eymerici,
1249 3398 1291 3478 dr
1310 3393 1557 3479 ostendimus
1572 3395 1784 3480 evidenter
1802 3424 1855 3481 ex

214 3581 218 3605 ι
309 3508 465 3608 Lullo,
488 3504 614 3592 fidem
649 3505 730 3594 ess'e
761 3504 951 3594 omnibus
981 3508 1299 3621 quibuscumque
1331 3509 1591 3596 necessariam
1614 3544 1623 3595 :
1647 3514 1857 3598 immerito

312 3625 478 3733 quidem
496 3623 540 3710 id
561 3624 683 3711 Lullo
706 3623 941 3710 attribuiurr
959 3622 999 3706 in
1022 3626 1201 3733 presenti
1220 3628 1388 3723 Textur
1411 3658 1504 3713 narn
1520 3655 1637 3715 exeo
1661 3629 1772 3740 quod
1793 3628 1857 3713 di·
1977 3662 1985 3673 ·

313 3762 405 3843 cat,
437 3740 550 3851 qnod
575 3738 656 3829 fide
678 3744 746 3828 vel
768 3738 1006 3826 credulitate
1029 3742 1210 3828 veritatis
1237 3744 1519 3830 Articulorum
1539 3742 1695 3830 mulrdrn
1718 3748 1860 3854 indiget

314 3858 525 3941 inteller‘ius
545 3919 558 3959 ,
580 3890 662 3942 cum
685 3888 814 3943 omnes
836 3860 1093 3941 dominesnon
1106 3858 1189 3969 finr
1215 3860 1379 3983 dispofiri
1401 3864 1457 3944 ud
1475 3864 1772 3975 investigandam
1795 3888 1860 3943 ve·

315 3976 460 4057 ritatem
486 3974 728 4067 articulorum
752 4004 826 4084 per
845 3972 1068 4173 necepdrins
1090 3980 1283 4078 rariores,
1311 3978 1447 4091 quales
1473 3980 1565 4063 sunt
1586 3979 1754 4077 rustici,
1776 4007 1860 4062 non

316 4090 497 4203 legitime
526 4090 731 4194 insertur,
759 4118 905 4205 negare
957 4087 1024 4174 dei
1044 4092 1321 4179 necessrtatern
1343 4097 1384 4177 in
1407 4094 1620 4179 Litteratis
1643 4123 1654 4185 3
1674 4095 1792 4203 quia,
1814 4114 1861 4176 nt

318 4207 592 4315 ostendimus,
618 4204 699 4295 hoc
726 4229 843 4294 textu
864 4207 1024 4292 tanulm
1044 4208 1198 4309 docet,
1221 4212 1324 4297 lianc
1345 4208 1472 4295 fidem
1493 4214 1617 4295 solam
1639 4216 1680 4296 dr
1699 4205 1782 4295 sine
1802 4209 1863 4292 in-

317 4320 742 4437 terrigeniiaueritatis
764 4323 845 4413 esse
867 4325 1022 4411 rusticis
1042 4324 1330 4420 necesl‘arianra
1353 4358 1435 4411 non
1457 4349 1594 4412 autem
1612 4348 1733 4439 negat
1746 4326 1864 4417 abso·

305 4440 399 4523 lute
429 4438 555 4527 fidem
577 4440 658 4529 csse
681 4440 940 4531 necessariam
959 4438 1067 4541 illis,
1091 4444 1160 4553 qui
1182 4467 1382 4530 conantur
1403 4444 1627 4558 intelligere
1645 4446 1862 4528 veritatem

319 4557 599 4642 Articulorum
624 4556 957 4668 pernecessarias
985 4552 1194 4661 rationes,
1225 4562 1309 4643 imo
1332 4561 1412 4645 hoc
1435 4561 1655 4673 supponit,
1675 4560 1801 4669 quia,
1817 4582 1866 4644 ut

322 4675 568 4775 ostendimus
583 4702 636 4759 ex
659 4676 774 4783 ipso,
793 4676 848 4769 ¹ad
869 4674 1179 4785 intelligentiam
1193 4676 1473 4761 Articulorrnn
1491 4676 1615 4763 debet
1637 4672 1739 4765 fides
1756 4703 1866 4786 prae-

321 4791 507 4900 supponi.
553 4792 717 4879 Deinde
741 4790 932 4892 assertio,
958 4791 1070 4900 quod
1091 4788 1171 4876 fide
1199 4794 1355 4877 multllm
1376 4795 1519 4902 indiget
1548 4794 1785 4894 intellectus,
1808 4795 1867 4877 est

318 4908 547 5021 generalis,
565 4936 611 4994 ac
630 4908 806 5025 proinde
830 4908 881 4995 de
905 4906 1094 4992 omnibus
1109 4906 1377 4995 intellectibus
1397 4906 1654 5012 verificatur,
1670 4910 1772 4993 ratio
1791 4936 1865 4990 au·

318 5048 437 5128 tem,
467 5052 590 5139 quam
613 5024 842 5138 subjungit,
866 5027 957 5135 quia
977 5024 1168 5109 videlicet
1193 5056 1275 5109 non
1309 5054 1453 5109 omnes
1480 5030 1569 5112 sunt
1603 5021 1785 5133 dispositi
1814 5020 1867 5103 ad

307 5140 614 5257 'investigandas
636 5144 845 5243 rationes,
869 5170 950 5225 non
973 5144 1030 5241 est
1050 5142 1258 5242 formalis,
1282 5142 1350 5227 sed
1371 5146 1427 5226 est
1452 5172 1611 5226 merum
1628 5135 1868 5243 exemplum

315 5262 570 5375 particulare
589 5316 602 5361 ,
621 5258 873 5351 utollendat
892 5258 968 5346 illis
992 5258 1072 5344 ell'e
1093 5256 1226 5345 fidem·
1242 5256 1517 5345 necessariam.
1825 5243 1858 5287 “
1904 5278 1912 5291 ·
