5150 6667
79 770 82 777 μ
589 632 592 637 ’
662 596 1459 769 D'I'Suu..ltT.-'iI.-§.=1.
1518 719 1521 726 ,
1591 658 1594 666 ·
1744 691 1827 786 3²7

117 797 120 804 ’
261 800 375 893 esset
391 812 563 903 contra,
583 800 651 886 seu
671 816 754 885 non
773 796 907 885 ellet
895 811 1025 907 Juxta
1022 796 1208 883 divinam
1230 795 1467 907 sapientiam
1488 803 1532 886 dt
1556 798 1842 893 voluntatem

274 922 478 1010 Praeterea
492 918 589 1004 talis
617 918 876 1029 participatio
903 918 961 1002 est
978 936 1244 1052 competens
1240 915 1568 1038 magnitudini&
1584 919 1840 1029 ρειιεᾶἱοιιι

131 1032 135 1041 ’
265 1040 420 1127 divinae
452 1036 655 1149 sapientiae
677 1042 719 1123 ὅ(
741 1034 994 1135 voluntatis,
1018 1034 1095 1119 dr
1083 1054 1138 1118 tta
1146 1033 1299 1141 justum
1313 1028 1617 1144 quodammodo
1639 1040 1698 1123 est
1714 1042 1826 1153 quod

266 1158 429 1244 Dens
417 1178 472 1242 rta
500 1156 734 1266 sapienter,
769 1159 811 1239 dr
847 1150 1033 1238 amorose
1057 1152 1276 1263 participet
1298 1177 1395 1236 curn
1420 1167 1662 1291 creatura,
1655 1157 1830 1270 &quon

263 1298 459 1363 creatura
483 1275 555 1358 tali
576 1272 889 1384 participatione
905 1272 1129 1365 exaltetur;
1155 1275 1197 1356 δι
1224 1269 1428 1381 quietalis
1455 1271 1714 1384 participatio
1736 1306 1831 1363 nou

266 1396 409 1528 potest
425 1389 506 1477 ell'e
531 1387 613 1475 fine
637 1390 822 1475 rationali
844 1410 1013 1490 natura,
1032 1385 1095 1491 fi,
1116 1389 1267 1473 'unione
1282 1385 1404 1523 ipsius
1419 1392 1713 1500 praetermissi,
1735 1395 1830 1480 uni-

266 1534 342 1601 ret
365 1508 442 1595 srb'i
457 1509 581 1593 Deus
597 1530 825 1596 creaturam
842 1508 1145 1615 irrationalem,
1166 1503 1240 1590 nbi
1262 1503 1368 1618 ipsr'
1357 1508 1659 1614 rmjuriaretur,
1685 1532 1829 1622 quate·-
1893 1576 1897 1582 .

266 1658 351 1715 nus
375 1657 459 1712 non
479 1626 639 1711 faceret
661 1627 772 1738 quod
791 1628 939 1735 justum
957 1625 1036 1711 est
1026 1646 1138 1732 Juxta
1158 1626 1270 1708 suam
1282 1625 1546 1736 sapientiam,
1571 1634 1613 1715 dt
1638 1632 1829 1718 volunta-

268 1768 396 1847 tem,
421 1750 463 1831 δι
494 1744 566 1829 suo
589 1742 752 1829 effeeiui
779 1747 931 1857 pariter
950 1740 1303 1879 quodammodo
1290 1743 1601 1848 rmjuriaretur,
1628 1771 1826 1857 quatenus

264 1887 507 1951 creaturam
529 1862 708 1973 privaret
727 1864 792 1947 illa
814 1862 1150 1973 participatione,
1170 1886 1258 1971 quae
1276 1859 1389 1966 juxta
1402 1862 1637 1973 sapientiam
1657 1927 1672 1969 ,
1695 1873 1738 1953 dr
1752 1896 1832 1955 vo·

277 1980 477 2071 luntatem
499 1980 586 2065 Dei
608 1981 809 2091 competit
831 1979 981 2067 eidem

337 2099 411 2183 XL
443 2098 534 2181 Alia
552 2099 656 2182 ratio
676 2156 689 2198 ,
713 2127 833 2209 quam
856 2090 1032 2209 exponit
1048 2095 1191 2179 Lullus
1209 2096 1294 2196 est,
1321 2096 1432 2206 quod
1456 2097 1507 2181 ad
1528 2100 1766 2209 sapientiam
1783 2108 1836 2199 aa

277 2219 532 2307 volantatem
547 2216 634 2301 Dei
657 2218 850 2327 ιριθιιιι,
859 2218 915 2301 ita
938 2216 990 2301 de
1013 2212 1133 2299 rebus
1155 2209 1398 2323 disponere,
1425 2237 1471 2300 ut
1493 2219 1631 2303 omnia
1652 2220 1832 2321 Deum,

266 2336 348 2450 'qui
365 2337 423 2419 est
444 2362 590 2421 eorum
611 2330 732 2437 finis,
764 2337 1095 2445 consequantur,
1118 2331 1390 2416 aliterfrustra
1411 2332 1513 2421 ellet
1543 2335 1662 2422 Deus
1689 2365 1836 2428 eorum
1918 2340 1922 2349 ’

272 2452 399 2547 ιῖιιιει
431 2475 473 2538 at
502 2452 600 2537 cim
622 2452 740 2539 Deus
764 2451 815 2537 srt
837 2452 1086 2552 immobilis,
1117 2450 1486 2553 inelementabilis,
1518 2454 1836 2569 invegetabilis,

271 2568 579 2675 insanabilis,
580 2576 634 2655 dr
633 2571 975 2685 inimaginabilis,
993 2567 1102 2657 nulla
1121 2569 1263 2653 talium
1286 2590 1520 2655 neutrarum
1531 2576 1701 2683 potest
1688 2600 1838 2660 unme-

266 2688 390 2775 ndiate
411 2689 552 2773 Deum
570 2690 794 2831 'consequia
813 2690 905 2800 quia
925 2692 1026 2775 verb
1049 2687 1169 2772 Deus
1192 2689 1249 2772 est
1267 2688 1518 2789 recolibilis,
1541 2691 1836 2807 intelligibilis,

266 2812 325 2893 ¹&
345 2806 551 2907 amabilis,
575 2798 648 2890 dr
634 2808 1029 2909 creaturarationalis
1046 2807 1103 2889 est
1122 2804 1355 2906 recolitiva,
1379 2806 1644 2909 intellectiva,
1665 2816 1706 2897 ἀ
1722 2830 1835 2894 ama

280 2926 398 3023 tiva,
419 2924 511 3009 ideo
531 2952 672 3011 omnes
694 2927 796 3011 aliae
803 2949 1022 3026 creaturae,
1046 2924 1248 3009 mediante
1267 2924 1452 3009 rationali
1464 2926 1666 3036 ,poliunt
1686 2930 1830 3013 Deum

270 3042 542 3153 'consequi,
530 3052 741 3129 notamen
761 3066 806 3129 ut
828 3072 970 3130 omnes
990 3044 1104 3132 diae
1123 3063 1319 3129 creaturae
1345 3070 1442 3131 cum
1473 3044 1659 3131 rationali
1688 3046 1831 3131 unian-

274 3183 353 3247 tur
375 3184 583 3271 tamquam
597 3161 636 3247 in
658 3164 827 3273 proprio
842 3158 922 3248 fine
939 3195 949 3254 ι
974 3169 1016 3247 δι
1035 3161 1129 3269 quia
1147 3162 1277 3246 solum
1294 3160 1518 3248 inhumana
1532 3185 1673 3249 natura
1687 3166 1836 3262 uniun-

284 3300 355 3365 tur
377 3298 583 3389 tamquam
595 3279 639 3364 in
659 3276 767 3379 fine,
792 3280 841 3364 ad
855 3310 975 3390 quem
991 3280 1258 3385 ordinantur,
1281 3277 1404 3378 ideo,
1424 3278 1498 3364 nin
1512 3283 1674 3369 uniatur
1689 3284 1837 3368 huma-

284 3426 338 3482 na
359 3420 500 3481 natura
514 3426 610 3481 cum
627 3399 754 3497 Deo,
777 3399 1009 3501 universum
1029 3400 1222 3510 consequi
1248 3425 1332 3481 non
1352 3401 1485 3507 potest
1506 3404 1622 3486 suum
1648 3398 1775 3487 finem
1797 3402 1841 3485 in

285 3515 410 3607 Deua
435 3513 546 3630 quod
569 3517 626 3601 est
644 3536 788 3602 contra
809 3516 895 3602 Dei
912 3518 1150 3629 sapientiam
1169 3523 1210 3603 dr
1229 3515 1498 3604 voluntatem.
1520 3533 1527 3553 ⁸
1603 3546 1619 3573 ·

269 3640 273 3646 ’
345 3634 442 3719 XII.
480 3632 671 3719 Profecto
705 3664 848 3721 omnes
872 3636 953 3720 istae
976 3635 1153 3721 rationes
1185 3637 1236 3735 ep
1260 3634 1502 3740 collimant,
1530 3658 1578 3722 ut
1596 3634 1841 3737 ostendant,

287 3752 482 3837 unionem
502 3752 647 3837 divinae
663 3774 816 3839 naturae
841 3782 938 3838 cum
956 3754 1130 3839 humana
1153 3750 1334 3839 debuisse
1353 3749 1469 3854 fieri,
1493 3760 1534 3839 ἀ
1546 3797 1550 3803 ·
1562 3784 1646 3840 non
1664 3750 1839 3865 potuisse

287 3866 380 3955 fieri
397 3872 593 3955 unionem
611 3871 696 3976 ejus
719 3900 815 3955 cum
830 3895 970 3956 natura
991 3872 1211 3957 irrationali
1233 3933 1247 3976 ,
1282 3871 1551 3980 praetermissi
1567 3874 1717 3955 unione
1743 3897 1841 3955 cum

288 3988 498 4088 rationali,
522 3988 614 4098 quia
637 3987 769 4072 divina
788 3990 1035 4126 sapientia&
1057 3992 1271 4089 voluntas,
1296 3988 1440 4097 quibus
1459 3988 1769 4124 correspondet
1769 4016 1841 4072 or-

261 4186 265 4191 ,
290 4104 430 4191 dirrare
452 4086 724 4216 &disponere
748 4108 856 4192 illam
878 4101 1096 4212 unionem,
1125 4110 1203 4219 qua
1220 4107 1397 4220 perfetta
1418 4107 1613 4193 habeatur
1628 4101 1843 4218 participa·

290 4223 354 4309 tio
370 4244 521 4309 naturae
539 4225 752 4327 increatae,
776 4232 817 4312 δι
836 4248 1010 4329 creatae,
1027 4232 1068 4312 a
1083 4228 1161 4338 qud
1175 4250 1312 4313 totum
1325 4224 1557 4312 universum
1572 4226 1713 4311 Deum
1725 4227 1843 4310 suum

289 4337 418 4427 linem
442 4343 744 4479 consequatur,
765 4350 810 4430 &
834 4346 881 4429 ab
906 4345 991 4455 ipso
1015 4345 1148 4430 Deo
1137 4375 1177 4429 m
1195 4346 1378 4431 bonitate
1398 4405 1411 4446 ,
1432 4343 1733 4464 magnitudine,
1762 4350 1842 4430 &c

277 4462 529 4596 exaltetur,
564 4463 738 4577 exigunt
760 4470 801 4547 &
826 4485 974 4573 petunt
1005 4464 1235 4572 hujusmodi
1261 4462 1482 4599 persedam
1521 4465 1746 4564 unionem,
1776 4461 1845 4547 vel

279 4580 384 4713 quia
402 4577 523 4664 decet
549 4580 691 4667 Deum
714 4582 872 4693 tantum
896 4580 1009 4691 polle
1028 4592 1148 4697 agere
1173 4584 1282 4707 qaod
1303 4582 1495 4667 convenit
1522 4580 1668 4674 divinae
1687 4582 1845 4691 sapien-

291 4698 361 4781 tiae
385 4703 426 4781 &
444 4698 671 4791 voluntati3
701 4704 744 4784 dr
763 4701 855 4810 quia
871 4700 1106 4787 haecomnia
1122 4696 1279 4787 tantiam
1295 4701 1547 4785 conveniunt
1565 4700 1751 4812 potestati
1773 4724 1844 4781 or·

282 4814 440 4911 dinatae
458 4816 508 4899 ad
525 4816 789 4927 sapientiam,
814 4821 1151 4923 &voluntatem,
1174 4850 1257 4904 non
1276 4840 1413 4903 autem
1433 4820 1621 4928 potestati
1639 4818 1844 4913 absoluta,
1913 4824 1918 4835 “

294 4933 364 5017 seu
394 4934 609 5045 potestati,
638 4956 834 5046 quatenus
857 4936 908 5021 ad
934 4967 1025 5023 earn
1045 4939 1237 5049 sapientia
1259 4998 1272 5039 ,
1296 4942 1338 5021 dt
1366 4938 1554 5023 voluntas
1574 4936 1846 5033 ordinantur,

295 5052 389 5161 quia
411 5053 639 5159 hujusmodi
670 5056 877 5165 potelias,
914 5059 1009 5140 cim
1031 5086 1114 5141 non
1139 5055 1188 5140 srt
1208 5056 1260 5140 ad
1281 5054 1432 5166 aliquid
1463 5053 1730 5140 determinata
1769 5076 1846 5158 per
1934 5063 1941 5075 '

296 5169 427 5278 ipsas,
449 5174 582 5281 potest
601 5201 733 5259 omne
750 5170 966 5308 p'ollibile·
995 5174 1088 5258 ideo
1112 5174 1210 5257 dum
1222 5174 1389 5258 Lullus·
1394 5175 1461 5258 hic
1477 5171 1675 5271 resolvit,
1703 5166 1845 5251 Deum

299 5316 383 5372 non
400 5286 576 5400 poturlle
612 5264 686 5376 libi
708 5292 824 5379 unire
841 5291 1051 5402 aliqualn
1045 5292 1296 5377 creaturam
1285 5291 1602 5393 mariannem-3
1619 5281 1741 5374 ficut
1755 5275 1845 5370 J'liri
