<?xml version="1.0" encoding="UTF-8"?>
<!DOCTYPE html PUBLIC "-//W3C//DTD XHTML 1.0 Transitional//EN"
    "http://www.w3.org/TR/xhtml1/DTD/xhtml1-transitional.dtd">
<html xmlns="http://www.w3.org/1999/xhtml" xml:lang="en" lang="en">
 <head>
  <title>
</title>
<meta http-equiv="Content-Type" content="text/html;charset=utf-8" />
  <meta name='ocr-system' content='tesseract 3.04.00' />
  <meta name='ocr-capabilities' content='ocr_page ocr_carea ocr_par ocr_line ocrx_word'/>
</head>
<body>
  <div class='ocr_page' id='page_1' title='image "./vindiciaelullia00pasqgoog_0071.png"; bbox 0 0 5150 6667; ppageno 0'>
   <div class='ocr_carea' id='block_1_1' title="bbox 630 625 2076 760">
    <p class='ocr_par' dir='ltr' id='par_1_1' title="bbox 630 625 2076 760">
     <span class='ocr_line' id='line_1_1' title="bbox 630 625 2076 760; baseline -0.014 -1"><span class='ocrx_word' id='word_1_1' title='bbox 630 650 638 665; x_wconf 86' lang='grc'><strong>’</strong></span> <span class='ocrx_word' id='word_1_2' title='bbox 704 676 763 757; x_wconf 69' lang='grc' dir='ltr'><strong><em>ιο</em></strong></span> <span class='ocrx_word' id='word_1_3' title='bbox 876 654 1176 753; x_wconf 80' lang='lat' dir='ltr'><strong>vruotc.</strong></span> <span class='ocrx_word' id='word_1_4' title='bbox 1212 644 1434 745; x_wconf 76' lang='lat' dir='ltr'><strong>aunt.</strong></span> <span class='ocrx_word' id='word_1_5' title='bbox 1478 651 1774 745; x_wconf 65' lang='lat' dir='ltr'><strong>raum.</strong></span> <span class='ocrx_word' id='word_1_6' title='bbox 1816 625 1975 760; x_wconf 61' lang='lat' dir='ltr'><strong>our.</strong></span> <span class='ocrx_word' id='word_1_7' title='bbox 2023 650 2076 739; x_wconf 69' lang='grc' dir='ltr'><strong>ι’,</strong></span> 
     </span>
    </p>
   </div>
   <div class='ocr_carea' id='block_1_2' title="bbox 597 791 2381 1741">
    <p class='ocr_par' dir='ltr' id='par_1_2' title="bbox 664 791 2381 1382">
     <span class='ocr_line' id='line_1_2' title="bbox 664 791 2248 915; baseline -0.01 -24"><span class='ocrx_word' id='word_1_8' title='bbox 664 884 670 891; x_wconf 86' lang='grc'><strong>.</strong></span> <span class='ocrx_word' id='word_1_9' title='bbox 703 810 773 894; x_wconf 90' lang='lat' dir='ltr'><strong>seu</strong></span> <span class='ocrx_word' id='word_1_10' title='bbox 792 803 918 915; x_wconf 85' lang='lat' dir='ltr'>ipsam</span> <span class='ocrx_word' id='word_1_11' title='bbox 937 802 1192 887; x_wconf 84' lang='lat' dir='ltr'><strong>voluntatem</strong></span> <span class='ocrx_word' id='word_1_12' title='bbox 1214 854 1227 896; x_wconf 89' lang='lat'><strong>,</strong></span> <span class='ocrx_word' id='word_1_13' title='bbox 1249 792 1354 881; x_wconf 86' lang='lat' dir='ltr'><strong>ficut</strong></span> <span class='ocrx_word' id='word_1_14' title='bbox 1386 797 1477 882; x_wconf 66' lang='lat' dir='ltr'><strong>astu</strong></span> <span class='ocrx_word' id='word_1_15' title='bbox 1509 792 1853 904; x_wconf 75' lang='lat' dir='ltr'><strong>correspondente</strong></span> <span class='ocrx_word' id='word_1_16' title='bbox 1876 791 2081 903; x_wconf 81' lang='lat' dir='ltr'><strong>sapientire</strong></span> <span class='ocrx_word' id='word_1_17' title='bbox 2114 791 2248 904; x_wconf 74' lang='lat' dir='ltr'><strong>iplinn</strong></span> 
     </span>
     <span class='ocr_line' id='line_1_3' title="bbox 702 908 2381 1037; baseline -0.007 -30"><span class='ocrx_word' id='word_1_18' title='bbox 702 921 897 1037; x_wconf 85' lang='lat' dir='ltr'>producit</span> <span class='ocrx_word' id='word_1_19' title='bbox 914 919 1137 1031; x_wconf 85' lang='lat' dir='ltr'><strong>sapientem</strong></span> <span class='ocrx_word' id='word_1_20' title='bbox 1157 917 1228 1001; x_wconf 87' lang='lat' dir='ltr'><strong>seu</strong></span> <span class='ocrx_word' id='word_1_21' title='bbox 1242 914 1373 1023; x_wconf 80' lang='lat' dir='ltr'><strong>ipsam</strong></span> <span class='ocrx_word' id='word_1_22' title='bbox 1389 910 1637 1022; x_wconf 83' lang='lat' dir='ltr'><strong>sapientiam.</strong></span> <span class='ocrx_word' id='word_1_23' title='bbox 1661 911 1931 999; x_wconf 75' lang='lat' dir='ltr'><strong>Praeteredex</strong></span> <span class='ocrx_word' id='word_1_24' title='bbox 1944 908 2058 994; x_wconf 78' lang='lat' dir='ltr'><strong>dictis</strong></span> <span class='ocrx_word' id='word_1_25' title='bbox 2071 910 2245 1025; x_wconf 75' lang='lat' dir='ltr'><strong>cit&#39;cap.</strong></span> <span class='ocrx_word' id='word_1_26' title='bbox 2377 998 2381 1003; x_wconf 71' lang='grc'><strong>,</strong></span> 
     </span>
     <span class='ocr_line' id='line_1_4' title="bbox 709 1021 2253 1145; baseline -0.009 -18"><span class='ocrx_word' id='word_1_27' title='bbox 709 1072 747 1127; x_wconf 88' lang='lat'><strong>2.</strong></span> <span class='ocrx_word' id='word_1_28' title='bbox 770 1063 872 1135; x_wconf 90' lang='lat' dir='ltr'><strong>tom.</strong></span> <span class='ocrx_word' id='word_1_29' title='bbox 892 1068 929 1123; x_wconf 90' lang='lat'><strong>2.</strong></span> <span class='ocrx_word' id='word_1_30' title='bbox 951 1038 1063 1145; x_wconf 80' lang='lat' dir='ltr'><strong>jmrta</strong></span> <span class='ocrx_word' id='word_1_31' title='bbox 1081 1034 1231 1119; x_wconf 86' lang='lat' dir='ltr'><strong>multos</strong></span> <span class='ocrx_word' id='word_1_32' title='bbox 1245 1030 1411 1130; x_wconf 87' lang='lat' dir='ltr'><strong>Patres,</strong></span> <span class='ocrx_word' id='word_1_33' title='bbox 1447 1027 1571 1113; x_wconf 89' lang='lat' dir='ltr'><strong>Pater</strong></span> <span class='ocrx_word' id='word_1_34' title='bbox 1582 1024 1815 1144; x_wconf 86' lang='lat' dir='ltr'><strong>generando</strong></span> <span class='ocrx_word' id='word_1_35' title='bbox 1829 1021 1993 1111; x_wconf 83' lang='lat' dir='ltr'><strong>deificat</strong></span> <span class='ocrx_word' id='word_1_36' title='bbox 2011 1032 2053 1111; x_wconf 89' lang='lat'>&amp;</span> <span class='ocrx_word' id='word_1_37' title='bbox 2074 1028 2253 1114; x_wconf 86' lang='lat' dir='ltr'><strong>substau-</strong></span> 
     </span>
     <span class='ocr_line' id='line_1_5' title="bbox 706 1143 2358 1263; baseline -0.009 -17"><span class='ocrx_word' id='word_1_38' title='bbox 706 1160 782 1247; x_wconf 86' lang='lat' dir='ltr'><strong>tiat</strong></span> <span class='ocrx_word' id='word_1_39' title='bbox 803 1158 983 1256; x_wconf 87' lang='lat' dir='ltr'><strong>Filium,</strong></span> <span class='ocrx_word' id='word_1_40' title='bbox 1015 1153 1107 1263; x_wconf 89' lang='lat' dir='ltr'><strong>quia</strong></span> <span class='ocrx_word' id='word_1_41' title='bbox 1129 1152 1260 1260; x_wconf 84' lang='lat' dir='ltr'><strong>ipsum</strong></span> <span class='ocrx_word' id='word_1_42' title='bbox 1280 1144 1475 1258; x_wconf 79' lang='lat' dir='ltr'><strong>producit</strong></span> <span class='ocrx_word' id='word_1_43' title='bbox 1504 1146 1647 1231; x_wconf 87' lang='lat' dir='ltr'><strong>Deum</strong></span> <span class='ocrx_word' id='word_1_44' title='bbox 1667 1151 1710 1229; x_wconf 80' lang='lat' dir='ltr'><strong>dc</strong></span> <span class='ocrx_word' id='word_1_45' title='bbox 1741 1143 1996 1229; x_wconf 84' lang='lat' dir='ltr'><strong>substantiam</strong></span> <span class='ocrx_word' id='word_1_46' title='bbox 2031 1174 2041 1226; x_wconf 84' lang='lat' dir='ltr'><strong>t</strong></span> <span class='ocrx_word' id='word_1_47' title='bbox 2075 1144 2252 1255; x_wconf 88' lang='lat' dir='ltr'><strong>proinde</strong></span> <span class='ocrx_word' id='word_1_48' title='bbox 2350 1247 2358 1259; x_wconf 28' lang='grc' dir='ltr'>ι</span> 
     </span>
     <span class='ocr_line' id='line_1_6' title="bbox 705 1260 2300 1382; baseline -0.009 -20"><span class='ocrx_word' id='word_1_49' title='bbox 705 1278 831 1363; x_wconf 85' lang='lat' dir='ltr'><strong>etiam</strong></span> <span class='ocrx_word' id='word_1_50' title='bbox 864 1274 995 1382; x_wconf 90' lang='lat' dir='ltr'><strong>ipsum</strong></span> <span class='ocrx_word' id='word_1_51' title='bbox 1018 1264 1198 1354; x_wconf 84' lang='lat' dir='ltr'><strong>volificat</strong></span> <span class='ocrx_word' id='word_1_52' title='bbox 1220 1264 1325 1367; x_wconf 90' lang='lat' dir='ltr'><strong>(vel</strong></span> <span class='ocrx_word' id='word_1_53' title='bbox 1348 1261 1507 1349; x_wconf 88' lang='lat' dir='ltr'><strong>dicatur</strong></span> <span class='ocrx_word' id='word_1_54' title='bbox 1532 1261 1611 1347; x_wconf 90' lang='lat' dir='ltr'><strong>alio</strong></span> <span class='ocrx_word' id='word_1_55' title='bbox 1638 1260 1852 1372; x_wconf 88' lang='lat' dir='ltr'><strong>termino)</strong></span> <span class='ocrx_word' id='word_1_56' title='bbox 1887 1280 2085 1370; x_wconf 80' lang='lat' dir='ltr'><strong>quatenus</strong></span> <span class='ocrx_word' id='word_1_57' title='bbox 2119 1262 2254 1372; x_wconf 90' lang='lat' dir='ltr'><strong>ipsum</strong></span> <span class='ocrx_word' id='word_1_58' title='bbox 2295 1269 2300 1275; x_wconf 78' lang='grc'><em>’</em></span> 
     </span>
    </p>

    <p class='ocr_par' dir='ltr' id='par_1_3' title="bbox 597 1375 2255 1741">
     <span class='ocr_line' id='line_1_7' title="bbox 597 1375 2254 1503; baseline -0.008 -27"><span class='ocrx_word' id='word_1_59' title='bbox 597 1469 612 1495; x_wconf 59' lang='grc'><strong>,,</strong></span> <span class='ocrx_word' id='word_1_60' title='bbox 707 1390 902 1503; x_wconf 90' lang='lat' dir='ltr'><strong>producit</strong></span> <span class='ocrx_word' id='word_1_61' title='bbox 921 1388 1145 1471; x_wconf 79' lang='lat' dir='ltr'><strong>volentem.</strong></span> <span class='ocrx_word' id='word_1_62' title='bbox 1167 1382 1233 1467; x_wconf 83' lang='lat' dir='ltr'><strong>Ad</strong></span> <span class='ocrx_word' id='word_1_63' title='bbox 1252 1382 1333 1465; x_wconf 91' lang='lat' dir='ltr'><strong>hoc</strong></span> <span class='ocrx_word' id='word_1_64' title='bbox 1353 1380 1464 1466; x_wconf 89' lang='lat' dir='ltr'><strong>idem</strong></span> <span class='ocrx_word' id='word_1_65' title='bbox 1484 1378 1660 1471; x_wconf 85' lang='lat' dir='ltr'><strong>tendunt</strong></span> <span class='ocrx_word' id='word_1_66' title='bbox 1676 1377 1761 1461; x_wconf 89' lang='lat' dir='ltr'><strong>PP.</strong></span> <span class='ocrx_word' id='word_1_67' title='bbox 1778 1375 2121 1464; x_wconf 68' lang='lat' dir='ltr'><strong>ConcililTolec</strong></span> <span class='ocrx_word' id='word_1_68' title='bbox 2134 1381 2254 1467; x_wconf 84' lang='lat' dir='ltr'>XIV.</span> 
     </span>
     <span class='ocr_line' id='line_1_8' title="bbox 709 1494 2255 1612; baseline -0.009 -18"><span class='ocrx_word' id='word_1_69' title='bbox 709 1509 808 1601; x_wconf 88' lang='lat' dir='ltr'><strong>dum</strong></span> <span class='ocrx_word' id='word_1_70' title='bbox 831 1506 882 1589; x_wconf 87' lang='lat' dir='ltr'><strong>de</strong></span> <span class='ocrx_word' id='word_1_71' title='bbox 901 1504 1000 1587; x_wconf 87' lang='lat' dir='ltr'><strong>Deo</strong></span> <span class='ocrx_word' id='word_1_72' title='bbox 1022 1502 1235 1612; x_wconf 85' lang='lat' dir='ltr'><strong>loquentes</strong></span> <span class='ocrx_word' id='word_1_73' title='bbox 1253 1497 1397 1583; x_wconf 88' lang='lat' dir='ltr'><strong>dicunt</strong></span> <span class='ocrx_word' id='word_1_74' title='bbox 1420 1528 1429 1578; x_wconf 76' lang='grc' dir='ltr'><strong><em>ε</em></strong></span> <span class='ocrx_word' id='word_1_75' title='bbox 1453 1498 1494 1584; x_wconf 89' lang='lat' dir='ltr'><em>V</em></span> <span class='ocrx_word' id='word_1_76' title='bbox 1493 1497 1645 1587; x_wconf 74' lang='lat' dir='ltr'><strong>olrmtns</strong></span> <span class='ocrx_word' id='word_1_77' title='bbox 1658 1497 1793 1605; x_wconf 82' lang='lat' dir='ltr'><strong>genuit</strong></span> <span class='ocrx_word' id='word_1_78' title='bbox 1809 1494 2067 1594; x_wconf 67' lang='lat' dir='ltr'><strong>voluntatens,</strong></span> <span class='ocrx_word' id='word_1_79' title='bbox 2083 1496 2187 1607; x_wconf 77' lang='lat' dir='ltr'><strong>ficut</strong></span> <span class='ocrx_word' id='word_1_80' title='bbox 2211 1496 2255 1585; x_wconf 73' lang='grc' dir='ltr'><strong>ξι</strong></span> 
     </span>
     <span class='ocr_line' id='line_1_9' title="bbox 703 1610 2255 1741; baseline -0.006 -33"><span class='ocrx_word' id='word_1_81' title='bbox 703 1624 894 1741; x_wconf 76' lang='grc' dir='ltr'><strong><em>βιρίιηιία</em></strong></span> <span class='ocrx_word' id='word_1_82' title='bbox 916 1618 1145 1731; x_wconf 76' lang='lat' dir='ltr'><strong>sapientium</strong></span> <span class='ocrx_word' id='word_1_83' title='bbox 1168 1652 1185 1721; x_wconf 91' lang='lat'><em>;</em></span> <span class='ocrx_word' id='word_1_84' title='bbox 1205 1614 1316 1727; x_wconf 91' lang='lat' dir='ltr'><strong>quod</strong></span> <span class='ocrx_word' id='word_1_85' title='bbox 1331 1614 1586 1725; x_wconf 83' lang='lat' dir='ltr'><strong>explicantes</strong></span> <span class='ocrx_word' id='word_1_86' title='bbox 1600 1615 1642 1698; x_wconf 92' lang='lat' dir='ltr'><strong>in</strong></span> <span class='ocrx_word' id='word_1_87' title='bbox 1659 1612 1796 1697; x_wconf 74' lang='lat' dir='ltr'><strong>Conc-</strong></span> <span class='ocrx_word' id='word_1_88' title='bbox 1820 1611 1963 1697; x_wconf 81' lang='lat' dir='ltr'><strong>Tnlct.</strong></span> <span class='ocrx_word' id='word_1_89' title='bbox 1977 1610 2072 1697; x_wconf 81' lang='lat' dir='ltr'><strong>XV.</strong></span> <span class='ocrx_word' id='word_1_90' title='bbox 2087 1612 2255 1715; x_wconf 89' lang='lat' dir='ltr'><strong>dicunt,</strong></span> 
     </span>
    </p>
   </div>
   <div class='ocr_carea' id='block_1_3' title="bbox 711 1728 2390 1849">
    <p class='ocr_par' dir='ltr' id='par_1_4' title="bbox 711 1728 2390 1849">
     <span class='ocr_line' id='line_1_10' title="bbox 711 1728 2390 1849; baseline -0.01 -21"><span class='ocrx_word' id='word_1_91' title='bbox 711 1746 799 1827; x_wconf 88' lang='lat' dir='ltr'><strong>Nos</strong></span> <span class='ocrx_word' id='word_1_92' title='bbox 820 1765 946 1841; x_wconf 21' lang='lat' dir='ltr'><strong>autem.</strong></span> <span class='ocrx_word' id='word_1_93' title='bbox 958 1736 1163 1847; x_wconf 74' lang='lat' dir='ltr'><strong>facundii-m</strong></span> <span class='ocrx_word' id='word_1_94' title='bbox 1185 1732 1374 1849; x_wconf 79' lang='lat' dir='ltr'><strong>effentiom</strong></span> <span class='ocrx_word' id='word_1_95' title='bbox 1396 1734 1565 1815; x_wconf 80' lang='lat' dir='ltr'><strong>diximus</strong></span> <span class='ocrx_word' id='word_1_96' title='bbox 1582 1764 1602 1834; x_wconf 89' lang='lat'><em>;</em></span> <span class='ocrx_word' id='word_1_97' title='bbox 1619 1730 1800 1819; x_wconf 71' lang='lat' dir='ltr'><strong>uoluntas</strong></span> <span class='ocrx_word' id='word_1_98' title='bbox 1825 1758 1875 1812; x_wconf 82' lang='lat' dir='ltr'><strong>cx</strong></span> <span class='ocrx_word' id='word_1_99' title='bbox 1888 1728 2078 1813; x_wconf 75' lang='lat' dir='ltr'><strong>voluntate</strong></span> <span class='ocrx_word' id='word_1_100' title='bbox 2088 1730 2192 1841; x_wconf 84' lang='lat' dir='ltr'><strong>ficut</strong></span> <span class='ocrx_word' id='word_1_101' title='bbox 2212 1729 2259 1818; x_wconf 72' lang='grc' dir='ltr'><strong>ὃ·</strong></span> <span class='ocrx_word' id='word_1_102' title='bbox 2369 1752 2390 1769; x_wconf 90' lang='grc'><strong>··</strong></span> 
     </span>
    </p>
   </div>
   <div class='ocr_carea' id='block_1_4' title="bbox 702 1846 2412 3369">
    <p class='ocr_par' dir='ltr' id='par_1_5' title="bbox 704 1846 2260 2441">
     <span class='ocr_line' id='line_1_11' title="bbox 704 1846 2260 1972; baseline -0.004 -32"><span class='ocrx_word' id='word_1_103' title='bbox 704 1857 895 1972; x_wconf 73' lang='grc' dir='ltr'><strong><em>βιρίιιιιὶα</em></strong></span> <span class='ocrx_word' id='word_1_104' title='bbox 914 1885 963 1937; x_wconf 82' lang='lat' dir='ltr'><strong>ex</strong></span> <span class='ocrx_word' id='word_1_105' title='bbox 977 1850 1165 1964; x_wconf 70' lang='lat' dir='ltr'><strong>stipientia</strong></span> <span class='ocrx_word' id='word_1_106' title='bbox 1183 1882 1202 1953; x_wconf 88' lang='lat'><strong>,·</strong></span> <span class='ocrx_word' id='word_1_107' title='bbox 1222 1855 1293 1935; x_wconf 77' lang='lat' dir='ltr'><strong>doc</strong></span> <span class='ocrx_word' id='word_1_108' title='bbox 1311 1852 1407 1932; x_wconf 87' lang='lat' dir='ltr'><strong>enim</strong></span> <span class='ocrx_word' id='word_1_109' title='bbox 1426 1849 1477 1955; x_wconf 82' lang='grc' dir='ltr'><strong><em>ιβ</em></strong></span> <span class='ocrx_word' id='word_1_110' title='bbox 1496 1850 1581 1932; x_wconf 84' lang='lat' dir='ltr'><strong>Deo</strong></span> <span class='ocrx_word' id='word_1_111' title='bbox 1596 1847 1668 1962; x_wconf 79' lang='lat' dir='ltr'><strong>effe</strong></span> <span class='ocrx_word' id='word_1_112' title='bbox 1680 1847 1783 1959; x_wconf 80' lang='lat' dir='ltr'><strong>quod</strong></span> <span class='ocrx_word' id='word_1_113' title='bbox 1797 1846 1894 1931; x_wconf 84' lang='lat' dir='ltr'><strong>velle</strong></span> <span class='ocrx_word' id='word_1_114' title='bbox 1914 1879 1932 1949; x_wconf 91' lang='lat'><em>;</em></span> <span class='ocrx_word' id='word_1_115' title='bbox 1952 1848 2023 1931; x_wconf 81' lang='lat' dir='ltr'><strong>doc</strong></span> <span class='ocrx_word' id='word_1_116' title='bbox 2045 1848 2140 1931; x_wconf 81' lang='lat' dir='ltr'><strong>velie</strong></span> <span class='ocrx_word' id='word_1_117' title='bbox 2153 1847 2260 1959; x_wconf 81' lang='lat' dir='ltr'><strong>quod</strong></span> 
     </span>
     <span class='ocr_line' id='line_1_12' title="bbox 705 1963 2256 2086; baseline -0.012 -27"><span class='ocrx_word' id='word_1_118' title='bbox 705 1974 840 2086; x_wconf 71' lang='lat' dir='ltr'><strong>strpere</strong></span> <span class='ocrx_word' id='word_1_119' title='bbox 862 2007 875 2055; x_wconf 90' lang='lat'><em>:</em></span> <span class='ocrx_word' id='word_1_120' title='bbox 896 1971 998 2083; x_wconf 86' lang='lat' dir='ltr'><strong>quod</strong></span> <span class='ocrx_word' id='word_1_121' title='bbox 1022 1995 1147 2054; x_wconf 81' lang='lat' dir='ltr'><strong>tumen</strong></span> <span class='ocrx_word' id='word_1_122' title='bbox 1168 1969 1215 2054; x_wconf 87' lang='lat' dir='ltr'><strong>dc</strong></span> <span class='ocrx_word' id='word_1_123' title='bbox 1236 1969 1384 2051; x_wconf 75' lang='lat' dir='ltr'><strong>domine</strong></span> <span class='ocrx_word' id='word_1_124' title='bbox 1412 1967 1491 2048; x_wconf 89' lang='lat' dir='ltr'><strong>dici</strong></span> <span class='ocrx_word' id='word_1_125' title='bbox 1510 1995 1587 2049; x_wconf 84' lang='lat' dir='ltr'><strong>nou</strong></span> <span class='ocrx_word' id='word_1_126' title='bbox 1602 1964 1748 2073; x_wconf 78' lang='lat' dir='ltr'><strong>potest,</strong></span> <span class='ocrx_word' id='word_1_127' title='bbox 1768 1963 1879 2047; x_wconf 77' lang='lat' dir='ltr'><strong>uiittd</strong></span> <span class='ocrx_word' id='word_1_128' title='bbox 1896 1964 2031 2074; x_wconf 71' lang='lat' dir='ltr'><strong>quippe</strong></span> <span class='ocrx_word' id='word_1_129' title='bbox 2048 1964 2101 2074; x_wconf 98' lang='grc' dir='ltr'><strong><em>ιβ</em></strong></span> <span class='ocrx_word' id='word_1_130' title='bbox 2120 1967 2160 2051; x_wconf 86' lang='lat' dir='ltr'><strong>in</strong></span> <span class='ocrx_word' id='word_1_131' title='bbox 2180 1968 2256 2076; x_wconf 74' lang='lat' dir='ltr'><strong>lto.</strong></span> 
     </span>
     <span class='ocr_line' id='line_1_13' title="bbox 712 2078 2259 2200; baseline -0.005 -26"><span class='ocrx_word' id='word_1_132' title='bbox 712 2094 840 2191; x_wconf 84' lang='lat' dir='ltr'><strong>mine,</strong></span> <span class='ocrx_word' id='word_1_133' title='bbox 858 2090 902 2171; x_wconf 88' lang='lat' dir='ltr'><strong>id</strong></span> <span class='ocrx_word' id='word_1_134' title='bbox 923 2088 1026 2200; x_wconf 84' lang='lat' dir='ltr'><strong>quod</strong></span> <span class='ocrx_word' id='word_1_135' title='bbox 1037 2088 1088 2195; x_wconf 87' lang='grc' dir='ltr'><strong><em>ιβ</em></strong></span> <span class='ocrx_word' id='word_1_136' title='bbox 1094 2086 1180 2197; x_wconf 86' lang='lat' dir='ltr'><strong>finc</strong></span> <span class='ocrx_word' id='word_1_137' title='bbox 1202 2084 1325 2185; x_wconf 82' lang='lat' dir='ltr'><strong>velle,</strong></span> <span class='ocrx_word' id='word_1_138' title='bbox 1345 2080 1387 2167; x_wconf 77' lang='grc' dir='ltr'><strong>δ’</strong></span> <span class='ocrx_word' id='word_1_139' title='bbox 1410 2081 1630 2173; x_wconf 79' lang='lat' dir='ltr'><strong>aliudvede</strong></span> <span class='ocrx_word' id='word_1_140' title='bbox 1659 2082 1772 2165; x_wconf 85' lang='lat' dir='ltr'><strong>etium</strong></span> <span class='ocrx_word' id='word_1_141' title='bbox 1787 2078 1876 2192; x_wconf 77' lang='lat' dir='ltr'><strong>stne</strong></span> <span class='ocrx_word' id='word_1_142' title='bbox 1896 2078 2045 2190; x_wconf 78' lang='lat' dir='ltr'><strong>fitpcre.</strong></span> <span class='ocrx_word' id='word_1_143' title='bbox 2087 2083 2139 2167; x_wconf 80' lang='lat' dir='ltr'><strong>In</strong></span> <span class='ocrx_word' id='word_1_144' title='bbox 2170 2085 2259 2167; x_wconf 83' lang='lat' dir='ltr'><strong>Deo</strong></span> 
     </span>
     <span class='ocr_line' id='line_1_14' title="bbox 712 2186 2259 2315; baseline -0.005 -24"><span class='ocrx_word' id='word_1_145' title='bbox 712 2233 934 2293; x_wconf 81' lang='lat' dir='ltr'><strong>autemnon</strong></span> <span class='ocrx_word' id='word_1_146' title='bbox 952 2201 1004 2310; x_wconf 86' lang='grc' dir='ltr'><strong><em>ιβ</em></strong></span> <span class='ocrx_word' id='word_1_147' title='bbox 1019 2206 1103 2304; x_wconf 76' lang='lat' dir='ltr'><strong>im,</strong></span> <span class='ocrx_word' id='word_1_148' title='bbox 1120 2204 1210 2315; x_wconf 81' lang='lat' dir='ltr'><strong>qaia</strong></span> <span class='ocrx_word' id='word_1_149' title='bbox 1218 2186 1385 2315; x_wconf 84' lang='lat' dir='ltr'><strong>fiinplex</strong></span> <span class='ocrx_word' id='word_1_150' title='bbox 1405 2202 1460 2284; x_wconf 83' lang='lat' dir='ltr'><strong>im</strong></span> <span class='ocrx_word' id='word_1_151' title='bbox 1476 2211 1616 2285; x_wconf 67' lang='lat' dir='ltr'><strong>nautio</strong></span> <span class='ocrx_word' id='word_1_152' title='bbox 1635 2198 1717 2307; x_wconf 75' lang='grc' dir='ltr'><strong><em>ιβ,</em></strong></span> <span class='ocrx_word' id='word_1_153' title='bbox 1738 2193 1781 2283; x_wconf 71' lang='grc' dir='ltr'><strong>ἃ</strong></span> <span class='ocrx_word' id='word_1_154' title='bbox 1805 2198 1890 2283; x_wconf 86' lang='lat' dir='ltr'><strong>ideo</strong></span> <span class='ocrx_word' id='word_1_155' title='bbox 1909 2200 1980 2306; x_wconf 73' lang='lat' dir='ltr'><strong>doc</strong></span> <span class='ocrx_word' id='word_1_156' title='bbox 2001 2197 2055 2305; x_wconf 88' lang='grc' dir='ltr'><strong><em>ιβ</em></strong></span> <span class='ocrx_word' id='word_1_157' title='bbox 2068 2199 2127 2284; x_wconf 81' lang='lat' dir='ltr'><strong>ilii</strong></span> <span class='ocrx_word' id='word_1_158' title='bbox 2150 2199 2259 2314; x_wconf 72' lang='grc' dir='ltr'><strong><em>ιβὶ,</em></strong></span> 
     </span>
     <span class='ocr_line' id='line_1_15' title="bbox 709 2318 1908 2441; baseline -0.008 -34"><span class='ocrx_word' id='word_1_159' title='bbox 709 2324 818 2441; x_wconf 76' lang='lat' dir='ltr'><strong>quod</strong></span> <span class='ocrx_word' id='word_1_160' title='bbox 835 2321 965 2421; x_wconf 79' lang='lat' dir='ltr'><strong>telle,</strong></span> <span class='ocrx_word' id='word_1_161' title='bbox 992 2322 1094 2431; x_wconf 80' lang='lat' dir='ltr'><strong>quod</strong></span> <span class='ocrx_word' id='word_1_162' title='bbox 1104 2320 1251 2429; x_wconf 76' lang='lat' dir='ltr'><strong>strpere.</strong></span> <span class='ocrx_word' id='word_1_163' title='bbox 1338 2318 1345 2329; x_wconf 83' lang='grc'><strong>’</strong></span> <span class='ocrx_word' id='word_1_164' title='bbox 1672 2366 1675 2371; x_wconf 45' lang='lat'><em>1</em></span> <span class='ocrx_word' id='word_1_165' title='bbox 1906 2369 1908 2372; x_wconf 94' lang='lat'>-</span> 
     </span>
    </p>

    <p class='ocr_par' dir='ltr' id='par_1_6' title="bbox 702 2430 2412 3369">
     <span class='ocr_line' id='line_1_16' title="bbox 774 2430 2412 2548; baseline -0.002 -25"><span class='ocrx_word' id='word_1_166' title='bbox 774 2440 938 2523; x_wconf 75' lang='lat' dir='ltr'><strong>XXIII.-</strong></span> <span class='ocrx_word' id='word_1_167' title='bbox 964 2440 1056 2521; x_wconf 88' lang='lat' dir='ltr'><strong>Hoe</strong></span> <span class='ocrx_word' id='word_1_168' title='bbox 1080 2435 1194 2521; x_wconf 87' lang='lat' dir='ltr'><strong>idem</strong></span> <span class='ocrx_word' id='word_1_169' title='bbox 1217 2433 1369 2521; x_wconf 88' lang='lat' dir='ltr'><strong>ind-icat</strong></span> <span class='ocrx_word' id='word_1_170' title='bbox 1397 2436 1586 2548; x_wconf 82' lang='lat' dir='ltr'><strong>Magister</strong></span> <span class='ocrx_word' id='word_1_171' title='bbox 1621 2431 1925 2518; x_wconf 66' lang='lat' dir='ltr'><strong>Sententiarum</strong></span> <span class='ocrx_word' id='word_1_172' title='bbox 1956 2431 2027 2516; x_wconf 73' lang='lat' dir='ltr'><strong>lu.</strong></span> <span class='ocrx_word' id='word_1_173' title='bbox 2057 2459 2093 2515; x_wconf 86' lang='lat'><strong>1.</strong></span> <span class='ocrx_word' id='word_1_174' title='bbox 2106 2430 2193 2517; x_wconf 87' lang='lat' dir='ltr'><strong>dill.</strong></span> <span class='ocrx_word' id='word_1_175' title='bbox 2215 2438 2257 2515; x_wconf 89' lang='lat'><strong>6.</strong></span> <span class='ocrx_word' id='word_1_176' title='bbox 2407 2511 2412 2520; x_wconf 91' lang='lat'>.</span> 
     </span>
     <span class='ocr_line' id='line_1_17' title="bbox 712 2549 2256 2662; baseline -0.006 -19"><span class='ocrx_word' id='word_1_177' title='bbox 712 2556 855 2645; x_wconf 87' lang='lat' dir='ltr'><strong>dicens</strong></span> <span class='ocrx_word' id='word_1_178' title='bbox 879 2587 890 2637; x_wconf 77' lang='grc' dir='ltr'><strong><em>ι</em></strong></span> <span class='ocrx_word' id='word_1_179' title='bbox 912 2557 996 2638; x_wconf 86' lang='lat' dir='ltr'><strong>Nec</strong></span> <span class='ocrx_word' id='word_1_180' title='bbox 1012 2554 1202 2639; x_wconf 83' lang='lat' dir='ltr'><strong>voluntate</strong></span> <span class='ocrx_word' id='word_1_181' title='bbox 1218 2554 1451 2662; x_wconf 72' lang='lat' dir='ltr'><strong>procedente</strong></span> <span class='ocrx_word' id='word_1_182' title='bbox 1467 2553 1527 2636; x_wconf 83' lang='lat' dir='ltr'><strong>vel</strong></span> <span class='ocrx_word' id='word_1_183' title='bbox 1538 2554 1770 2636; x_wconf 81' lang='lat' dir='ltr'><strong>antecedenti</strong></span> <span class='ocrx_word' id='word_1_184' title='bbox 1788 2550 1939 2653; x_wconf 84' lang='lat' dir='ltr'><strong>(Deus</strong></span> <span class='ocrx_word' id='word_1_185' title='bbox 1951 2549 2075 2634; x_wconf 83' lang='lat' dir='ltr'><strong>Pater</strong></span> <span class='ocrx_word' id='word_1_186' title='bbox 2088 2557 2109 2661; x_wconf 92' lang='lat'>)</span> <span class='ocrx_word' id='word_1_187' title='bbox 2123 2552 2256 2659; x_wconf 75' lang='lat' dir='ltr'><strong>genuit</strong></span> 
     </span>
     <span class='ocr_line' id='line_1_18' title="bbox 714 2667 2256 2782; baseline -0.007 -24"><span class='ocrx_word' id='word_1_188' title='bbox 714 2676 888 2773; x_wconf 81' lang='lat' dir='ltr'><strong>Filium,</strong></span> <span class='ocrx_word' id='word_1_189' title='bbox 912 2700 981 2755; x_wconf 84' lang='lat' dir='ltr'><strong>nec</strong></span> <span class='ocrx_word' id='word_1_190' title='bbox 995 2672 1107 2779; x_wconf 73' lang='lat' dir='ltr'><strong>priris</strong></span> <span class='ocrx_word' id='word_1_191' title='bbox 1129 2670 1259 2754; x_wconf 82' lang='lat' dir='ltr'><strong>voleus</strong></span> <span class='ocrx_word' id='word_1_192' title='bbox 1282 2674 1395 2782; x_wconf 80' lang='lat' dir='ltr'><strong>qud&#39;m</strong></span> <span class='ocrx_word' id='word_1_193' title='bbox 1415 2699 1604 2778; x_wconf 73' lang='lat' dir='ltr'><strong>generans</strong></span> <span class='ocrx_word' id='word_1_194' title='bbox 1621 2668 1753 2777; x_wconf 56' lang='lat' dir='ltr'><strong>munit</strong></span> <span class='ocrx_word' id='word_1_195' title='bbox 1771 2667 1937 2765; x_wconf 83' lang='lat' dir='ltr'><strong>Filium,</strong></span> <span class='ocrx_word' id='word_1_196' title='bbox 1970 2696 2039 2749; x_wconf 88' lang='lat' dir='ltr'><strong>nec</strong></span> <span class='ocrx_word' id='word_1_197' title='bbox 2048 2669 2159 2773; x_wconf 77' lang='lat' dir='ltr'><strong>priris</strong></span> <span class='ocrx_word' id='word_1_198' title='bbox 2179 2680 2256 2775; x_wconf 78' lang='lat' dir='ltr'><strong>ge-</strong></span> 
     </span>
     <span class='ocr_line' id='line_1_19' title="bbox 702 2781 2259 2900; baseline -0.007 -26"><span class='ocrx_word' id='word_1_199' title='bbox 702 2804 855 2875; x_wconf 77' lang='lat' dir='ltr'><strong>nerans</strong></span> <span class='ocrx_word' id='word_1_200' title='bbox 881 2790 993 2900; x_wconf 83' lang='lat' dir='ltr'><strong>qudm</strong></span> <span class='ocrx_word' id='word_1_201' title='bbox 1020 2786 1150 2871; x_wconf 78' lang='lat' dir='ltr'><strong>volens</strong></span> <span class='ocrx_word' id='word_1_202' title='bbox 1173 2790 1306 2897; x_wconf 73' lang='lat' dir='ltr'><strong>genuit</strong></span> <span class='ocrx_word' id='word_1_203' title='bbox 1330 2787 1368 2869; x_wconf 91' lang='lat' dir='ltr'><em>F</em></span> <span class='ocrx_word' id='word_1_204' title='bbox 1368 2788 1473 2869; x_wconf 86' lang='lat' dir='ltr'><strong>ilium</strong></span> <span class='ocrx_word' id='word_1_205' title='bbox 1493 2818 1512 2889; x_wconf 86' lang='lat'><strong>‚·</strong></span> <span class='ocrx_word' id='word_1_206' title='bbox 1542 2786 1673 2871; x_wconf 77' lang='lat' dir='ltr'><strong>volens</strong></span> <span class='ocrx_word' id='word_1_207' title='bbox 1693 2812 1817 2869; x_wconf 82' lang='lat' dir='ltr'><strong>tumen</strong></span> <span class='ocrx_word' id='word_1_208' title='bbox 1835 2784 1966 2895; x_wconf 81' lang='lat' dir='ltr'><strong>genuit</strong></span> <span class='ocrx_word' id='word_1_209' title='bbox 1982 2842 1997 2883; x_wconf 93' lang='lat'><strong>,</strong></span> <span class='ocrx_word' id='word_1_210' title='bbox 2008 2781 2109 2892; x_wconf 85' lang='lat' dir='ltr'><strong>ficut</strong></span> <span class='ocrx_word' id='word_1_211' title='bbox 2120 2808 2259 2891; x_wconf 79' lang='lat' dir='ltr'><strong>potens</strong></span> 
     </span>
     <span class='ocr_line' id='line_1_20' title="bbox 711 2897 2259 3017; baseline -0.007 -26"><span class='ocrx_word' id='word_1_212' title='bbox 711 2910 870 3017; x_wconf 75' lang='lat' dir='ltr'><strong>gennis,</strong></span> <span class='ocrx_word' id='word_1_213' title='bbox 894 2903 936 2990; x_wconf 65' lang='lat' dir='ltr'><strong>t}</strong></span> <span class='ocrx_word' id='word_1_214' title='bbox 952 2906 1073 2989; x_wconf 83' lang='lat' dir='ltr'><strong>bonus</strong></span> <span class='ocrx_word' id='word_1_215' title='bbox 1091 2907 1224 3013; x_wconf 78' lang='lat' dir='ltr'><strong>genuit</strong></span> <span class='ocrx_word' id='word_1_216' title='bbox 1239 2904 1409 3005; x_wconf 80' lang='lat' dir='ltr'><strong>Filium,</strong></span> <span class='ocrx_word' id='word_1_217' title='bbox 1433 2900 1637 3012; x_wconf 70' lang='lat' dir='ltr'><strong>&amp;stipium</strong></span> <span class='ocrx_word' id='word_1_218' title='bbox 1654 2903 1787 3011; x_wconf 71' lang='lat' dir='ltr'><strong>genuit</strong></span> <span class='ocrx_word' id='word_1_219' title='bbox 1804 2897 2081 3008; x_wconf 68' lang='lat' dir='ltr'><strong>&amp;hujusmodi</strong></span> <span class='ocrx_word' id='word_1_220' title='bbox 2093 2900 2137 2983; x_wconf 86' lang='lat' dir='ltr'><strong>Si</strong></span> <span class='ocrx_word' id='word_1_221' title='bbox 2158 2902 2259 2982; x_wconf 82' lang='lat' dir='ltr'><strong>enim</strong></span> 
     </span>
     <span class='ocr_line' id='line_1_21' title="bbox 715 3014 2265 3133; baseline -0.007 -24"><span class='ocrx_word' id='word_1_222' title='bbox 715 3026 834 3109; x_wconf 80' lang='lat' dir='ltr'><strong>Pater</strong></span> <span class='ocrx_word' id='word_1_223' title='bbox 841 3022 997 3133; x_wconf 85' lang='lat' dir='ltr'><strong>sopiens</strong></span> <span class='ocrx_word' id='word_1_224' title='bbox 1020 3019 1199 3107; x_wconf 78' lang='lat' dir='ltr'><strong>&amp;bonus</strong></span> <span class='ocrx_word' id='word_1_225' title='bbox 1215 3022 1354 3103; x_wconf 83' lang='lat' dir='ltr'><strong>dicitur</strong></span> <span class='ocrx_word' id='word_1_226' title='bbox 1367 3019 1534 3133; x_wconf 70' lang='lat' dir='ltr'><strong>genuifflt</strong></span> <span class='ocrx_word' id='word_1_227' title='bbox 1551 3020 1694 3101; x_wconf 83' lang='lat' dir='ltr'><strong>Filium</strong></span> <span class='ocrx_word' id='word_1_228' title='bbox 1709 3076 1723 3118; x_wconf 90' lang='lat'><strong>,</strong></span> <span class='ocrx_word' id='word_1_229' title='bbox 1737 3049 1804 3101; x_wconf 86' lang='lat' dir='ltr'><strong>cur</strong></span> <span class='ocrx_word' id='word_1_230' title='bbox 1824 3047 1899 3101; x_wconf 86' lang='lat' dir='ltr'><strong>nou</strong></span> <span class='ocrx_word' id='word_1_231' title='bbox 1922 3014 2143 3102; x_wconf 64' lang='lat' dir='ltr'><strong>&amp;volem</strong></span> <span class='ocrx_word' id='word_1_232' title='bbox 2161 3014 2195 3099; x_wconf 89' lang='lat' dir='ltr'><em>C</em></span> <span class='ocrx_word' id='word_1_233' title='bbox 2195 3016 2265 3098; x_wconf 80' lang='lat' dir='ltr'><strong>tina-</strong></span> 
     </span>
     <span class='ocr_line' id='line_1_22' title="bbox 716 3130 2335 3252; baseline -0.007 -27"><span class='ocrx_word' id='word_1_234' title='bbox 716 3143 771 3225; x_wconf 88' lang='lat' dir='ltr'><strong>ita</strong></span> <span class='ocrx_word' id='word_1_235' title='bbox 783 3140 838 3251; x_wconf 85' lang='lat' dir='ltr'><strong>fit</strong></span> <span class='ocrx_word' id='word_1_236' title='bbox 858 3142 942 3226; x_wconf 84' lang='lat' dir='ltr'><strong>Deo</strong></span> <span class='ocrx_word' id='word_1_237' title='bbox 961 3140 1057 3229; x_wconf 84' lang='lat' dir='ltr'><strong>idem</strong></span> <span class='ocrx_word' id='word_1_238' title='bbox 1079 3136 1149 3252; x_wconf 80' lang='lat' dir='ltr'><strong>effe</strong></span> <span class='ocrx_word' id='word_1_239' title='bbox 1174 3138 1356 3221; x_wconf 76' lang='lat' dir='ltr'><strong>volentem</strong></span> <span class='ocrx_word' id='word_1_240' title='bbox 1392 3135 1565 3247; x_wconf 79' lang='lat' dir='ltr'><strong>quod&#39;cfl</strong></span> <span class='ocrx_word' id='word_1_241' title='bbox 1588 3133 1658 3248; x_wconf 80' lang='lat' dir='ltr'><strong>effe</strong></span> <span class='ocrx_word' id='word_1_242' title='bbox 1681 3136 1806 3218; x_wconf 80' lang='lat' dir='ltr'><strong>Deum</strong></span> <span class='ocrx_word' id='word_1_243' title='bbox 1829 3193 1843 3234; x_wconf 89' lang='lat'><strong>,</strong></span> <span class='ocrx_word' id='word_1_244' title='bbox 1863 3132 1965 3244; x_wconf 86' lang='lat' dir='ltr'><strong>ficut</strong></span> <span class='ocrx_word' id='word_1_245' title='bbox 1985 3134 2082 3217; x_wconf 86' lang='lat' dir='ltr'><strong>idem</strong></span> <span class='ocrx_word' id='word_1_246' title='bbox 2108 3131 2161 3239; x_wconf 89' lang='grc' dir='ltr'><strong><em>ιβ</em></strong></span> <span class='ocrx_word' id='word_1_247' title='bbox 2189 3132 2260 3247; x_wconf 68' lang='lat' dir='ltr'><strong>effic</strong></span> <span class='ocrx_word' id='word_1_248' title='bbox 2326 3130 2335 3145; x_wconf 56' lang='lat'>¹</span> 
     </span>
     <span class='ocr_line' id='line_1_23' title="bbox 706 3248 2273 3369; baseline -0.004 -30"><span class='ocrx_word' id='word_1_249' title='bbox 706 3256 916 3369; x_wconf 69' lang='lat' dir='ltr'><strong>supientem</strong></span> <span class='ocrx_word' id='word_1_250' title='bbox 946 3256 1048 3366; x_wconf 85' lang='lat' dir='ltr'><strong>quod</strong></span> <span class='ocrx_word' id='word_1_251' title='bbox 1074 3256 1125 3360; x_wconf 85' lang='grc' dir='ltr'><strong><em>ιβ</em></strong></span> <span class='ocrx_word' id='word_1_252' title='bbox 1153 3254 1223 3367; x_wconf 84' lang='lat' dir='ltr'><strong>effe</strong></span> <span class='ocrx_word' id='word_1_253' title='bbox 1251 3255 1390 3337; x_wconf 83' lang='lat' dir='ltr'><strong>Deum.</strong></span> <span class='ocrx_word' id='word_1_254' title='bbox 1432 3254 1618 3335; x_wconf 80' lang='lat' dir='ltr'><strong>Dicamus</strong></span> <span class='ocrx_word' id='word_1_255' title='bbox 1651 3279 1741 3361; x_wconf 80' lang='lat' dir='ltr'><strong>crgo</strong></span> <span class='ocrx_word' id='word_1_256' title='bbox 1779 3253 1868 3361; x_wconf 84' lang='lat' dir='ltr'><strong>quin</strong></span> <span class='ocrx_word' id='word_1_257' title='bbox 1901 3252 2054 3349; x_wconf 69' lang='grc' dir='ltr'><strong><em>Ρᾶιιι,</em></strong></span> <span class='ocrx_word' id='word_1_258' title='bbox 2069 3248 2172 3359; x_wconf 83' lang='lat' dir='ltr'><strong>ficut</strong></span> <span class='ocrx_word' id='word_1_259' title='bbox 2184 3248 2273 3359; x_wconf 79' lang='lat' dir='ltr'><strong>sa·</strong></span> 
     </span>
    </p>
   </div>
   <div class='ocr_carea' id='block_1_5' title="bbox 711 3366 2422 3483">
    <p class='ocr_par' dir='ltr' id='par_1_7' title="bbox 711 3366 2422 3483">
     <span class='ocr_line' id='line_1_24' title="bbox 711 3366 2422 3483; baseline -0.006 -25"><span class='ocrx_word' id='word_1_260' title='bbox 711 3404 860 3483; x_wconf 77' lang='lat' dir='ltr'><strong>paens,</strong></span> <span class='ocrx_word' id='word_1_261' title='bbox 890 3374 944 3454; x_wconf 84' lang='lat' dir='ltr'><strong>ita</strong></span> <span class='ocrx_word' id='word_1_262' title='bbox 980 3371 1146 3468; x_wconf 83' lang='lat' dir='ltr'><strong>volens,</strong></span> <span class='ocrx_word' id='word_1_263' title='bbox 1175 3370 1308 3477; x_wconf 81' lang='lat' dir='ltr'><strong>genuit</strong></span> <span class='ocrx_word' id='word_1_264' title='bbox 1340 3369 1512 3465; x_wconf 80' lang='lat' dir='ltr'><strong>Filium,</strong></span> <span class='ocrx_word' id='word_1_265' title='bbox 1539 3367 1613 3475; x_wconf 83' lang='lat' dir='ltr'><strong>sed</strong></span> <span class='ocrx_word' id='word_1_266' title='bbox 1639 3398 1716 3451; x_wconf 85' lang='lat' dir='ltr'><strong>non</strong></span> <span class='ocrx_word' id='word_1_267' title='bbox 1739 3368 1929 3451; x_wconf 69' lang='lat' dir='ltr'><strong>volume</strong></span> <span class='ocrx_word' id='word_1_268' title='bbox 1950 3366 2177 3474; x_wconf 69' lang='grc' dir='ltr'><strong><em>ρτιιιιιίιιιιὶ</em></strong></span> <span class='ocrx_word' id='word_1_269' title='bbox 2198 3366 2262 3448; x_wconf 81' lang='lat' dir='ltr'><strong>vel</strong></span> <span class='ocrx_word' id='word_1_270' title='bbox 2414 3419 2422 3431; x_wconf 91' lang='lat'><strong>·</strong></span> 
     </span>
    </p>
   </div>
   <div class='ocr_carea' id='block_1_6' title="bbox 716 3480 2267 3831">
    <p class='ocr_par' dir='ltr' id='par_1_8' title="bbox 716 3480 2267 3831">
     <span class='ocr_line' id='line_1_25' title="bbox 716 3480 2262 3595; baseline -0.005 -23"><span class='ocrx_word' id='word_1_271' title='bbox 716 3488 962 3572; x_wconf 81' lang='lat' dir='ltr'><strong>antecedenti.</strong></span> <span class='ocrx_word' id='word_1_272' title='bbox 1000 3483 1190 3569; x_wconf 67' lang='lat' dir='ltr'><strong>Profecto</strong></span> <span class='ocrx_word' id='word_1_273' title='bbox 1234 3482 1337 3568; x_wconf 86' lang='lat' dir='ltr'><strong>ratio</strong></span> <span class='ocrx_word' id='word_1_274' title='bbox 1373 3480 1553 3595; x_wconf 82' lang='lat' dir='ltr'><strong>Magistri</strong></span> <span class='ocrx_word' id='word_1_275' title='bbox 1582 3481 1745 3569; x_wconf 85' lang='lat' dir='ltr'><strong>videtur</strong></span> <span class='ocrx_word' id='word_1_276' title='bbox 1781 3482 2133 3583; x_wconf 86' lang='lat' dir='ltr'><strong>demonstrativa,</strong></span> <span class='ocrx_word' id='word_1_277' title='bbox 2168 3482 2262 3591; x_wconf 84' lang='lat' dir='ltr'><strong>quia</strong></span> 
     </span>
     <span class='ocr_line' id='line_1_26' title="bbox 716 3595 2264 3709; baseline -0.004 -21"><span class='ocrx_word' id='word_1_278' title='bbox 716 3602 830 3689; x_wconf 89' lang='lat' dir='ltr'><strong>idem</strong></span> <span class='ocrx_word' id='word_1_279' title='bbox 858 3604 915 3687; x_wconf 86' lang='lat' dir='ltr'><strong>est</strong></span> <span class='ocrx_word' id='word_1_280' title='bbox 949 3602 1048 3686; x_wconf 79' lang='lat' dir='ltr'><strong>Deo</strong></span> <span class='ocrx_word' id='word_1_281' title='bbox 1084 3597 1165 3685; x_wconf 83' lang='lat' dir='ltr'><strong>else</strong></span> <span class='ocrx_word' id='word_1_282' title='bbox 1199 3601 1366 3698; x_wconf 82' lang='lat' dir='ltr'><strong>bonus,</strong></span> <span class='ocrx_word' id='word_1_283' title='bbox 1396 3600 1553 3709; x_wconf 78' lang='lat' dir='ltr'><strong>sapient</strong></span> <span class='ocrx_word' id='word_1_284' title='bbox 1575 3658 1595 3701; x_wconf 83' lang='grc'><strong>,,</strong></span> <span class='ocrx_word' id='word_1_285' title='bbox 1632 3628 1678 3686; x_wconf 77' lang='lat' dir='ltr'><strong>ac</strong></span> <span class='ocrx_word' id='word_1_286' title='bbox 1709 3602 1888 3687; x_wconf 85' lang='lat' dir='ltr'><strong>volens:</strong></span> <span class='ocrx_word' id='word_1_287' title='bbox 1924 3599 2032 3685; x_wconf 87' lang='lat' dir='ltr'><strong>unde</strong></span> <span class='ocrx_word' id='word_1_288' title='bbox 2072 3595 2103 3683; x_wconf 88' lang='lat' dir='ltr'><strong>s1</strong></span> <span class='ocrx_word' id='word_1_289' title='bbox 2137 3599 2264 3684; x_wconf 88' lang='lat' dir='ltr'><strong>Pater</strong></span> 
     </span>
     <span class='ocr_line' id='line_1_27' title="bbox 718 3712 2267 3831; baseline -0.005 -25"><span class='ocrx_word' id='word_1_290' title='bbox 718 3722 852 3807; x_wconf 87' lang='lat' dir='ltr'><strong>bonus</strong></span> <span class='ocrx_word' id='word_1_291' title='bbox 880 3719 1024 3831; x_wconf 86' lang='lat' dir='ltr'><strong>genuit</strong></span> <span class='ocrx_word' id='word_1_292' title='bbox 1053 3712 1314 3801; x_wconf 83' lang='lat' dir='ltr'><strong>bonificando</strong></span> <span class='ocrx_word' id='word_1_293' title='bbox 1358 3716 1425 3801; x_wconf 89' lang='lat' dir='ltr'><strong>seu</strong></span> <span class='ocrx_word' id='word_1_294' title='bbox 1459 3716 1726 3825; x_wconf 82' lang='lat' dir='ltr'><strong>producendo</strong></span> <span class='ocrx_word' id='word_1_295' title='bbox 1765 3718 1918 3801; x_wconf 87' lang='lat' dir='ltr'><strong>Filium</strong></span> <span class='ocrx_word' id='word_1_296' title='bbox 1950 3718 2142 3819; x_wconf 87' lang='lat' dir='ltr'><strong>bonum,</strong></span> <span class='ocrx_word' id='word_1_297' title='bbox 2183 3744 2267 3799; x_wconf 85' lang='lat' dir='ltr'><strong>uo·-</strong></span> 
     </span>
    </p>
   </div>
   <div class='ocr_carea' id='block_1_7' title="bbox 654 3830 2269 3949">
    <p class='ocr_par' dir='ltr' id='par_1_9' title="bbox 654 3830 2269 3949">
     <span class='ocr_line' id='line_1_28' title="bbox 654 3830 2269 3949; baseline -0.004 -26"><span class='ocrx_word' id='word_1_298' title='bbox 654 3902 656 3909; x_wconf 45' lang='grc'>,</span> <span class='ocrx_word' id='word_1_299' title='bbox 718 3839 808 3923; x_wconf 82' lang='lat' dir='ltr'><strong>lens</strong></span> <span class='ocrx_word' id='word_1_300' title='bbox 846 3836 988 3949; x_wconf 86' lang='lat' dir='ltr'><strong>genuit</strong></span> <span class='ocrx_word' id='word_1_301' title='bbox 1013 3830 1297 3935; x_wconf 83' lang='lat' dir='ltr'><strong>vollficando,</strong></span> <span class='ocrx_word' id='word_1_302' title='bbox 1331 3835 1401 3917; x_wconf 88' lang='lat' dir='ltr'><strong>seu</strong></span> <span class='ocrx_word' id='word_1_303' title='bbox 1427 3833 1695 3943; x_wconf 69' lang='lat' dir='ltr'><strong>producendo</strong></span> <span class='ocrx_word' id='word_1_304' title='bbox 1723 3836 1855 3945; x_wconf 89' lang='lat' dir='ltr'><strong>ipsum</strong></span> <span class='ocrx_word' id='word_1_305' title='bbox 1891 3834 2103 3919; x_wconf 78' lang='lat' dir='ltr'><strong>volentem</strong></span> <span class='ocrx_word' id='word_1_306' title='bbox 2113 3869 2138 3933; x_wconf 61' lang='grc'><strong>’,.</strong></span> <span class='ocrx_word' id='word_1_307' title='bbox 2160 3830 2269 3917; x_wconf 84' lang='lat' dir='ltr'><strong>ficut</strong></span> 
     </span>
    </p>
   </div>
   <div class='ocr_carea' id='block_1_8' title="bbox 716 3950 2434 4066">
    <p class='ocr_par' dir='ltr' id='par_1_10' title="bbox 716 3950 2434 4066">
     <span class='ocr_line' id='line_1_29' title="bbox 716 3950 2434 4066; baseline -0.004 -25"><span class='ocrx_word' id='word_1_308' title='bbox 716 3960 765 4041; x_wconf 77' lang='lat' dir='ltr'><strong>dc</strong></span> <span class='ocrx_word' id='word_1_309' title='bbox 791 3954 1014 4065; x_wconf 81' lang='lat' dir='ltr'><strong>sapientem</strong></span> <span class='ocrx_word' id='word_1_310' title='bbox 1037 3981 1049 4045; x_wconf 74' lang='grc' dir='ltr'><strong><em>ι</em></strong></span> <span class='ocrx_word' id='word_1_311' title='bbox 1076 3970 1198 4065; x_wconf 86' lang='lat' dir='ltr'><strong>negat</strong></span> <span class='ocrx_word' id='word_1_312' title='bbox 1236 3972 1372 4035; x_wconf 86' lang='lat' dir='ltr'><strong>autem</strong></span> <span class='ocrx_word' id='word_1_313' title='bbox 1402 3952 1654 4038; x_wconf 80' lang='lat' dir='ltr'><strong>voluntatem</strong></span> <span class='ocrx_word' id='word_1_314' title='bbox 1692 3950 2035 4051; x_wconf 78' lang='lat' dir='ltr'><strong>antecedentem,</strong></span> <span class='ocrx_word' id='word_1_315' title='bbox 2054 3953 2150 4062; x_wconf 81' lang='lat' dir='ltr'><strong>quia</strong></span> <span class='ocrx_word' id='word_1_316' title='bbox 2180 3978 2294 4065; x_wconf 21' lang='lat' dir='ltr'><strong>non·</strong></span> <span class='ocrx_word' id='word_1_317' title='bbox 2428 4058 2434 4066; x_wconf 26' lang='lat'><strong>·</strong></span> 
     </span>
    </p>
   </div>
   <div class='ocr_carea' id='block_1_9' title="bbox 665 4068 2368 5269">
    <p class='ocr_par' dir='ltr' id='par_1_11' title="bbox 706 4068 2368 4536">
     <span class='ocr_line' id='line_1_30' title="bbox 719 4068 2268 4183; baseline -0.006 -24"><span class='ocrx_word' id='word_1_318' title='bbox 719 4102 773 4159; x_wconf 84' lang='lat' dir='ltr'><strong>ex</strong></span> <span class='ocrx_word' id='word_1_319' title='bbox 786 4071 1078 4158; x_wconf 84' lang='lat' dir='ltr'><strong>deliberatione</strong></span> <span class='ocrx_word' id='word_1_320' title='bbox 1095 4068 1259 4181; x_wconf 87' lang='lat' dir='ltr'><strong>genuit;</strong></span> <span class='ocrx_word' id='word_1_321' title='bbox 1281 4068 1382 4154; x_wconf 91' lang='lat' dir='ltr'><strong>dicit</strong></span> <span class='ocrx_word' id='word_1_322' title='bbox 1398 4090 1540 4155; x_wconf 87' lang='lat' dir='ltr'><strong>autem</strong></span> <span class='ocrx_word' id='word_1_323' title='bbox 1552 4069 1817 4180; x_wconf 80' lang='lat' dir='ltr'><strong>quodvolens</strong></span> <span class='ocrx_word' id='word_1_324' title='bbox 1829 4071 1985 4183; x_wconf 82' lang='lat' dir='ltr'><strong>genuit,</strong></span> <span class='ocrx_word' id='word_1_325' title='bbox 2000 4071 2096 4179; x_wconf 84' lang='lat' dir='ltr'><strong>quia</strong></span> <span class='ocrx_word' id='word_1_326' title='bbox 2110 4068 2268 4177; x_wconf 86' lang='lat' dir='ltr'><strong>ipsum·</strong></span> 
     </span>
     <span class='ocr_line' id='line_1_31' title="bbox 706 4186 2368 4299; baseline -0.003 -25"><span class='ocrx_word' id='word_1_327' title='bbox 706 4212 809 4276; x_wconf 87' lang='lat' dir='ltr'><strong>·met</strong></span> <span class='ocrx_word' id='word_1_328' title='bbox 829 4188 933 4281; x_wconf 86' lang='lat' dir='ltr'><strong>velle</strong></span> <span class='ocrx_word' id='word_1_329' title='bbox 957 4189 1025 4273; x_wconf 85' lang='lat' dir='ltr'><strong>seu</strong></span> <span class='ocrx_word' id='word_1_330' title='bbox 1043 4188 1151 4271; x_wconf 73' lang='lat' dir='ltr'><strong>adlus</strong></span> <span class='ocrx_word' id='word_1_331' title='bbox 1170 4186 1389 4271; x_wconf 83' lang='lat' dir='ltr'><strong>voluntatis</strong></span> <span class='ocrx_word' id='word_1_332' title='bbox 1402 4186 1632 4297; x_wconf 78' lang='lat' dir='ltr'><strong>producens</strong></span> <span class='ocrx_word' id='word_1_333' title='bbox 1644 4188 1853 4273; x_wconf 84' lang='lat' dir='ltr'><strong>volentem</strong></span> <span class='ocrx_word' id='word_1_334' title='bbox 1865 4189 1924 4273; x_wconf 85' lang='lat' dir='ltr'><strong>ell</strong></span> <span class='ocrx_word' id='word_1_335' title='bbox 1940 4188 2023 4298; x_wconf 84' lang='lat' dir='ltr'><strong>ipsa</strong></span> <span class='ocrx_word' id='word_1_336' title='bbox 2040 4186 2265 4299; x_wconf 72' lang='lat' dir='ltr'><strong>generatio.</strong></span> <span class='ocrx_word' id='word_1_337' title='bbox 2351 4192 2368 4238; x_wconf 88' lang='lat'><strong>·&#39;</strong></span> 
     </span>
     <span class='ocr_line' id='line_1_32' title="bbox 721 4301 2299 4419; baseline -0.008 -27"><span class='ocrx_word' id='word_1_338' title='bbox 721 4308 861 4407; x_wconf 80' lang='lat' dir='ltr'><strong>Etiam</strong></span> <span class='ocrx_word' id='word_1_339' title='bbox 895 4304 1073 4391; x_wconf 87' lang='lat' dir='ltr'><strong>Michael</strong></span> <span class='ocrx_word' id='word_1_340' title='bbox 1108 4303 1159 4388; x_wconf 91' lang='lat' dir='ltr'><strong>de</strong></span> <span class='ocrx_word' id='word_1_341' title='bbox 1181 4302 1362 4389; x_wconf 82' lang='lat' dir='ltr'><strong>Palatius</strong></span> <span class='ocrx_word' id='word_1_342' title='bbox 1384 4305 1426 4389; x_wconf 91' lang='lat' dir='ltr'><strong>in</strong></span> <span class='ocrx_word' id='word_1_343' title='bbox 1448 4306 1550 4390; x_wconf 82' lang='lat' dir='ltr'><strong>hanc</strong></span> <span class='ocrx_word' id='word_1_344' title='bbox 1570 4306 1749 4419; x_wconf 84' lang='lat' dir='ltr'><strong>Magistri</strong></span> <span class='ocrx_word' id='word_1_345' title='bbox 1779 4304 1866 4390; x_wconf 86' lang='lat' dir='ltr'><strong>dist.</strong></span> <span class='ocrx_word' id='word_1_346' title='bbox 1891 4310 1930 4391; x_wconf 84' lang='lat'><strong>6.</strong></span> <span class='ocrx_word' id='word_1_347' title='bbox 1952 4302 2105 4391; x_wconf 89' lang='lat' dir='ltr'><strong>eodem</strong></span> <span class='ocrx_word' id='word_1_348' title='bbox 2137 4301 2267 4387; x_wconf 91' lang='lat' dir='ltr'><strong>modo</strong></span> <span class='ocrx_word' id='word_1_349' title='bbox 2295 4374 2299 4379; x_wconf 84' lang='lat'><em>.</em></span> 
     </span>
     <span class='ocr_line' id='line_1_33' title="bbox 722 4420 1901 4536; baseline -0.005 -26"><span class='ocrx_word' id='word_1_350' title='bbox 722 4422 874 4511; x_wconf 71' lang='lat' dir='ltr'><strong>satemr</strong></span> <span class='ocrx_word' id='word_1_351' title='bbox 901 4423 1069 4507; x_wconf 85' lang='lat' dir='ltr'><strong>Patrem</strong></span> <span class='ocrx_word' id='word_1_352' title='bbox 1085 4420 1261 4508; x_wconf 90' lang='lat' dir='ltr'><strong>volendo</strong></span> <span class='ocrx_word' id='word_1_353' title='bbox 1279 4450 1474 4536; x_wconf 86' lang='lat' dir='ltr'><strong>generare</strong></span> <span class='ocrx_word' id='word_1_354' title='bbox 1496 4422 1660 4508; x_wconf 88' lang='lat' dir='ltr'><strong>Filium.</strong></span> <span class='ocrx_word' id='word_1_355' title='bbox 1897 4433 1901 4439; x_wconf 77' lang='grc'>’</span> 
     </span>
    </p>

    <p class='ocr_par' dir='ltr' id='par_1_12' title="bbox 665 4536 2363 5269">
     <span class='ocr_line' id='line_1_34' title="bbox 780 4536 2269 4653; baseline -0.005 -26"><span class='ocrx_word' id='word_1_356' title='bbox 780 4540 938 4627; x_wconf 81' lang='lat' dir='ltr'><strong>XXIV.</strong></span> <span class='ocrx_word' id='word_1_357' title='bbox 966 4542 1110 4650; x_wconf 78' lang='lat' dir='ltr'><strong>Itaque</strong></span> <span class='ocrx_word' id='word_1_358' title='bbox 1143 4538 1226 4651; x_wconf 91' lang='lat' dir='ltr'><strong>ipsa</strong></span> <span class='ocrx_word' id='word_1_359' title='bbox 1250 4542 1460 4653; x_wconf 84' lang='lat' dir='ltr'><strong>generatio</strong></span> <span class='ocrx_word' id='word_1_360' title='bbox 1488 4540 1610 4642; x_wconf 85' lang='lat' dir='ltr'><strong>Filii,</strong></span> <span class='ocrx_word' id='word_1_361' title='bbox 1632 4542 1729 4627; x_wconf 72' lang='lat' dir='ltr'><strong>cum</strong></span> <span class='ocrx_word' id='word_1_362' title='bbox 1775 4538 1827 4625; x_wconf 84' lang='lat' dir='ltr'><strong>fit</strong></span> <span class='ocrx_word' id='word_1_363' title='bbox 1860 4543 2007 4643; x_wconf 70' lang='lat' dir='ltr'><strong>adine,</strong></span> <span class='ocrx_word' id='word_1_364' title='bbox 2030 4565 2115 4649; x_wconf 87' lang='lat' dir='ltr'><strong>quo</strong></span> <span class='ocrx_word' id='word_1_365' title='bbox 2142 4536 2269 4622; x_wconf 85' lang='lat' dir='ltr'><strong>Patet</strong></span> 
     </span>
     <span class='ocr_line' id='line_1_35' title="bbox 725 4656 2268 4762; baseline -0.006 -17"><span class='ocrx_word' id='word_1_366' title='bbox 725 4656 834 4745; x_wconf 84' lang='lat' dir='ltr'><strong>Filio</strong></span> <span class='ocrx_word' id='word_1_367' title='bbox 882 4657 1159 4743; x_wconf 88' lang='lat' dir='ltr'><strong>communicat</strong></span> <span class='ocrx_word' id='word_1_368' title='bbox 1189 4676 1320 4742; x_wconf 87' lang='lat' dir='ltr'><strong>totam</strong></span> <span class='ocrx_word' id='word_1_369' title='bbox 1361 4659 1470 4742; x_wconf 87' lang='lat' dir='ltr'><strong>suam</strong></span> <span class='ocrx_word' id='word_1_370' title='bbox 1505 4656 1751 4761; x_wconf 84' lang='lat' dir='ltr'><strong>effeutiam,</strong></span> <span class='ocrx_word' id='word_1_371' title='bbox 1785 4676 2002 4759; x_wconf 80' lang='lat' dir='ltr'><strong>naturam,</strong></span> <span class='ocrx_word' id='word_1_372' title='bbox 2046 4656 2268 4762; x_wconf 81' lang='lat' dir='ltr'><strong>omnesque</strong></span> 
     </span>
     <span class='ocr_line' id='line_1_36' title="bbox 665 4772 2267 4887; baseline -0.006 -24"><span class='ocrx_word' id='word_1_373' title='bbox 665 4846 668 4849; x_wconf 84' lang='lat'>.</span> <span class='ocrx_word' id='word_1_374' title='bbox 723 4773 1023 4887; x_wconf 79' lang='lat' dir='ltr'><strong>perfectiones,</strong></span> <span class='ocrx_word' id='word_1_375' title='bbox 1045 4778 1250 4877; x_wconf 76' lang='lat' dir='ltr'><strong>elladius,</strong></span> <span class='ocrx_word' id='word_1_376' title='bbox 1269 4802 1351 4887; x_wconf 88' lang='lat' dir='ltr'><strong>quo</strong></span> <span class='ocrx_word' id='word_1_377' title='bbox 1373 4773 1497 4862; x_wconf 82' lang='lat' dir='ltr'><strong>Pater</strong></span> <span class='ocrx_word' id='word_1_378' title='bbox 1517 4776 1794 4862; x_wconf 78' lang='lat' dir='ltr'><strong>communicat</strong></span> <span class='ocrx_word' id='word_1_379' title='bbox 1812 4776 1923 4862; x_wconf 90' lang='lat' dir='ltr'><strong>Filio</strong></span> <span class='ocrx_word' id='word_1_380' title='bbox 1942 4776 2054 4859; x_wconf 90' lang='lat' dir='ltr'><strong>suam</strong></span> <span class='ocrx_word' id='word_1_381' title='bbox 2073 4772 2267 4856; x_wconf 84' lang='lat' dir='ltr'><strong>voluuta-</strong></span> 
     </span>
     <span class='ocr_line' id='line_1_37' title="bbox 725 4886 2363 5003; baseline -0.004 -25"><span class='ocrx_word' id='word_1_382' title='bbox 725 4913 811 4978; x_wconf 87' lang='lat' dir='ltr'><strong>tem</strong></span> <span class='ocrx_word' id='word_1_383' title='bbox 833 4952 848 4993; x_wconf 89' lang='lat'><strong>,</strong></span> <span class='ocrx_word' id='word_1_384' title='bbox 867 4886 971 4976; x_wconf 84' lang='lat' dir='ltr'><strong>ficut</strong></span> <span class='ocrx_word' id='word_1_385' title='bbox 994 4890 1034 4977; x_wconf 90' lang='lat' dir='ltr'><strong>ei</strong></span> <span class='ocrx_word' id='word_1_386' title='bbox 1073 4894 1348 4981; x_wconf 88' lang='lat' dir='ltr'><strong>communicat</strong></span> <span class='ocrx_word' id='word_1_387' title='bbox 1368 4892 1479 4977; x_wconf 81' lang='lat' dir='ltr'><strong>fitam</strong></span> <span class='ocrx_word' id='word_1_388' title='bbox 1500 4890 1727 4979; x_wconf 86' lang='lat' dir='ltr'><strong>bonitatem</strong></span> <span class='ocrx_word' id='word_1_389' title='bbox 1762 4891 2065 5003; x_wconf 83' lang='lat' dir='ltr'><strong>&amp;sapientiam</strong></span> <span class='ocrx_word' id='word_1_390' title='bbox 2079 4895 2156 4984; x_wconf 62' lang='lat'><strong>5&amp;</strong></span> <span class='ocrx_word' id='word_1_391' title='bbox 2173 4886 2271 4997; x_wconf 80' lang='lat' dir='ltr'><strong>quia</strong></span> <span class='ocrx_word' id='word_1_392' title='bbox 2340 4896 2363 4961; x_wconf 74' lang='grc'><strong>.’</strong></span> 
     </span>
     <span class='ocr_line' id='line_1_38' title="bbox 727 5004 2270 5125; baseline -0.005 -30"><span class='ocrx_word' id='word_1_393' title='bbox 727 5010 809 5118; x_wconf 80' lang='lat' dir='ltr'><strong>ipsa</strong></span> <span class='ocrx_word' id='word_1_394' title='bbox 826 5010 1039 5122; x_wconf 82' lang='lat' dir='ltr'><strong>generatio</strong></span> <span class='ocrx_word' id='word_1_395' title='bbox 1051 5011 1108 5099; x_wconf 83' lang='lat' dir='ltr'><strong>cst</strong></span> <span class='ocrx_word' id='word_1_396' title='bbox 1125 5012 1234 5093; x_wconf 68' lang='lat' dir='ltr'><strong>adius</strong></span> <span class='ocrx_word' id='word_1_397' title='bbox 1252 5008 1535 5120; x_wconf 86' lang='lat' dir='ltr'><strong>producendi,</strong></span> <span class='ocrx_word' id='word_1_398' title='bbox 1562 5038 1646 5120; x_wconf 86' lang='lat' dir='ltr'><strong>quo</strong></span> <span class='ocrx_word' id='word_1_399' title='bbox 1666 5011 1790 5097; x_wconf 90' lang='lat' dir='ltr'><strong>Pater</strong></span> <span class='ocrx_word' id='word_1_400' title='bbox 1809 5010 2002 5125; x_wconf 89' lang='lat' dir='ltr'><strong>producit</strong></span> <span class='ocrx_word' id='word_1_401' title='bbox 2024 5006 2176 5091; x_wconf 83' lang='lat' dir='ltr'><strong>Filium</strong></span> <span class='ocrx_word' id='word_1_402' title='bbox 2194 5004 2270 5088; x_wconf 79' lang='lat' dir='ltr'><strong>sul&gt;</strong></span> 
     </span>
     <span class='ocr_line' id='line_1_39' title="bbox 727 5119 2274 5269; baseline -0.003 -54"><span class='ocrx_word' id='word_1_403' title='bbox 727 5124 872 5215; x_wconf 79' lang='lat' dir='ltr'><strong>eadem</strong></span> <span class='ocrx_word' id='word_1_404' title='bbox 906 5124 1074 5217; x_wconf 70' lang='lat' dir='ltr'><strong>effetatio</strong></span> <span class='ocrx_word' id='word_1_405' title='bbox 1107 5126 1375 5242; x_wconf 66' lang='lat' dir='ltr'><strong>munuum</strong></span> <span class='ocrx_word' id='word_1_406' title='bbox 1401 5125 1751 5241; x_wconf 73' lang='lat' dir='ltr'><strong>perfectionibus,</strong></span> <span class='ocrx_word' id='word_1_407' title='bbox 1781 5129 1824 5216; x_wconf 89' lang='lat' dir='ltr'><strong>id</strong></span> <span class='ocrx_word' id='word_1_408' title='bbox 1853 5131 1913 5215; x_wconf 85' lang='lat' dir='ltr'><strong>est</strong></span> <span class='ocrx_word' id='word_1_409' title='bbox 1941 5154 2025 5239; x_wconf 89' lang='lat' dir='ltr'><strong>quo</strong></span> <span class='ocrx_word' id='word_1_410' title='bbox 2058 5125 2186 5269; x_wconf 65' lang='lat' dir='ltr'><strong>Pater</strong></span> <span class='ocrx_word' id='word_1_411' title='bbox 2209 5119 2274 5231; x_wconf 73' lang='lat' dir='ltr'><strong>ts-</strong></span> 
     </span>
    </p>
   </div>
   <div class='ocr_carea' id='block_1_10' title="bbox 0 0 2602 6660">
    <p class='ocr_par' dir='ltr' id='par_1_13' title="bbox 0 0 2602 6660">
     <span class='ocr_line' id='line_1_40' title="bbox 0 0 2602 6660; baseline 0 0"><span class='ocrx_word' id='word_1_412' title='bbox 0 0 2602 6660; x_wconf 95' lang='lat' dir='ltr'><strong> </strong></span> 
     </span>
    </p>
   </div>
  </div>
 </body>
</html>
