5150 6667
1482 637 1545 649 ιι,

704 631 1464 757 massaris-§.v
1645 644 1658 705 4
1777 649 1860 759 με,

244 814 249 821 ·
280 786 389 877 'stve
404 810 587 879 mentem
601 788 649 873 ab
665 788 810 873 anima.
837 788 905 873 Sic
927 786 1165 899 Dydimus,
1184 786 1253 870 lib.
1282 811 1319 896 3.
1341 786 1386 867 de
1408 786 1549 895 Spiritu
1563 787 1859 899 Sant'luexpli-

217 928 219 931 ’
302 938 401 993 cans
430 890 573 1019 quibus
596 908 721 1009 rebus
745 906 787 990 in
811 906 1022 1015 Scriptura
1045 905 1286 998 attribuatur
1308 932 1459 986 nomen
1481 906 1671 1012 Spiritus,
1694 908 1856 991 scribit:

305 1056 337 1095 <c
359 1026 526 1111 Dicitur
552 1027 702 1127 etiam,
728 1007 903 1133 exeepti
925 1023 1058 1107 anitnd
1084 1028 1167 1122 ,stt
1192 1022 1383 1129 exceptd
1401 1022 1557 1129 Spiritu
1577 1020 1745 1124 Sancto,
1773 1026 1856 1133 spi-

302 1185 335 1225 „
351 1145 461 1228 'titus
485 1146 582 1229 alius
603 1143 691 1254 quis
712 1138 793 1228 effe
818 1142 860 1225 in
882 1140 1082 1241 homine,
1107 1138 1263 1249 dequo
1295 1138 1443 1223 Paulus
1477 1136 1496 1241 (
1529 1166 1572 1221 1..
1592 1139 1755 1225 Corint.
1782 1148 1861 1251 2.)

301 1302 335 1342 a,
362 1262 497 1351 scribit
520 1294 529 1343 ε
553 1263 654 1372 Quis
675 1264 771 1345 enirn
792 1258 868 1369 scit
890 1260 1080 1343 leontinum
1099 1286 1171 1357 eu,
1194 1285 1277 1367 quae
1287 1254 1381 1365 firnt
1399 1259 1676 1368 dominius-tid
1690 1261 1857 1367 Spiritus
1894 1252 1898 1261 ’

302 1418 335 1459 υ
359 1382 550 1480 leontinis,
572 1381 689 1493 quiin
711 1409 753 1463 eo
774 1377 836 1488 est.
854 1436 868 1458 .
888 1438 899 1458 .
920 1436 931 1459 .
954 1376 1006 1459 ad
1028 1373 1371 1461 Thessalonicens.
1388 1400 1574 1484 quoque,
1597 1355 1779 1490 integel,
1795 1376 1858 1459 in·

293 1538 336 1578 ”a
362 1498 450 1606 quit
470 1496 617 1607 spritu's
639 1498 770 1581 vester
793 1501 834 1579 ὅ(
857 1496 989 1578 anima
1014 1500 1056 1579 δι
1079 1520 1240 1603 corpus.
1270 1494 1378 1577 Sicut
1405 1495 1506 1574 enim
1527 1491 1608 1574 aliu
1630 1495 1682 1602 esi
1700 1500 1856 1595 anima,

302 1655 339 1696 n
363 1613 403 1699 δ’
424 1644 559 1723 corpus
580 1614 719 1714 aliud,
731 1612 791 1723 fic
814 1608 984 1697 &aliud
993 1613 1044 1720 est
1056 1608 1213 1719 spiritus
1234 1613 1284 1691 ult
1307 1612 1465 1710 animo,
1486 1638 1570 1720 quae
1582 1607 1655 1719 fitd
1672 1615 1755 1698 locd
1765 1606 1856 1724 spe·

292 1771 336 1813 '72
361 1734 508 1817 cialiter
525 1730 736 1840 appellatur
755 1760 765 1813 ε
785 1728 834 1814 de
858 1758 937 1839 quo
963 1735 1004 1813 ὅ(
1026 1727 1184 1827 oravit,
1206 1748 1253 1811 ut
1271 1728 1430 1839 integer
1450 1756 1547 1811 cum
1569 1730 1701 1813 anima
1711 1732 1855 1837 serve·
1950 1767 1952 1772 ·

309 1890 337 1930 ,γ’
359 1869 455 1949 tur,
488 1854 530 1939 dt
553 1838 787 1963 corporeis.
812 1850 866 1931 Et
890 1846 1022 1931 infra:
1055 1874 1084 1915 a
1106 1846 1205 1929 Non
1224 1846 1335 1928 enim
1358 1844 1613 1951 advertentes
1634 1848 1745 1957 quod
1765 1852 1855 1937 an‘t-

302 2004 338 2047 υ
365 1990 474 2073 mam
493 1964 694 2065 hominis,
717 1986 786 2049 aut
806 1966 1165 2073 spiritum,'quetn
1196 1962 1422 2047 tertium'in
1449 1964 1614 2050 homine
1634 1963 1748 2067 effe,
1773 1967 1855 2073 jam

305 2124 341 2178 22x
364 2082 565 2184 diximus,
594 2082 753 2192 spiritus
777 2085 996 2192 appellatio
1020 2074 1230 2195 significet.
1703 2106 1707 2113 ·
1831 2114 1837 2121 ·

368 2202 523 2289 LXIV.
551 2200 626 2295 Aa,
640 2200 752 2287 idem
774 2202 985 2285 collimant
1004 2202 1130 2285 verba
1150 2198 1252 2283 Divi
1282 2198 1495 2311 Augustini
1511 2198 1689 2285 adduaa
1709 2202 1855 2309 supra,

241 2400 244 2405 .
309 2347 421 2405 num.
447 2345 464 2429 3
477 2344 512 2429 5.
534 2320 577 2402 in
604 2320 748 2429 quibus
771 2318 874 2429 saepe
898 2319 1080 2429 repetit,
1109 2318 1295 2429 spiritum
1319 2322 1360 2403 dt
1380 2318 1556 2402 animam
1574 2321 1600 2434 sb
1623 2318 1721 2403 Deo
1740 2317 1864 2404 fuisse

307 2435 361 2521 ad
387 2438 662 2551 integritatem
684 2436 977 2525 incarnationis
1000 2437 1254 2547 susceptum:
1279 2432 1389 2545 quod
1410 2434 1521 2552 idem
1542 2432 1858 2548 confirmatipse

309 2556 480 2639 Sanctus
503 2556 626 2643 Pater
647 2555 795 2641 eddam
816 2556 920 2640 librd
939 2556 985 2638 de
1007 2554 1148 2664 Agone
1175 2553 1389 2661 Christiano
1407 2553 1435 2653 ,*
1458 2580 1546 2664 cap.
1587 2584 1653 2639 ιι.
1682 2554 1857 2641 dicens:
1909 2657 1912 2661 ι

311 2697 343 2741 ⁴⁴
365 2674 458 2757 Nec
483 2702 552 2765 eos
575 2674 809 2776 audiamus,
836 2674 905 2784 qui
944 2674 1073 2757 solum
1101 2700 1249 2783 corpus
1275 2671 1497 2755 humanum
1521 2662 1749 2785 stlloeptttm
1777 2666 1861 2760 else

276 2822 278 2829 ’
308 2831 339 2872 22
366 2790 508 2875 dicunt
529 2794 550 2872 i
570 2792 712 2883 Verbo
726 2793 824 2878 Dei.
923 2794 1036 2876 Nam
1060 2787 1090 2873 st
1113 2788 1329 2881 absurdum
1351 2788 1602 2875 elide-valde
1621 2789 1857 2903 indignum,

308 2950 339 2991 n
364 2930 411 2993 ut
433 2910 654 2993 humanum
673 2910 857 3019 spiritum
871 2911 997 2995 homo
1016 2907 1081 2995 ille
1097 2938 1180 2993 non
1201 2907 1414 3008 babuerit,
1433 2905 1738 3025 ficutjsuperibs
1754 2930 1859 2995 trac·

311 3028 537 3111 ss'tavimus
555 3026 736 3141 {quantit
760 3028 886 3141 magis
910 3028 1125 3111 absurdum
1141 3034 1181 3112 ἃ
1198 3026 1411 3139 indignum
1429 3028 1564 3126 est,ut
1577 3054 1652 3111 nec
1672 3027 1860 3135 spiritum

308 3186 340 3229 n
359 3172 441 3229 nec
468 3146 642 3229 animam
664 3145 876 3239 habuerit;
901 3152 942 3231 ὅ(
960 3146 1039 3229 hoc
1062 3146 1191 3257 solbm
1217 3144 1429 3245 habuerit,
1446 3144 1559 3255 quod
1581 3146 1706 3229 etiam
1723 3144 1764 3229 in
1783 3171 1859 3256 pe-

309 3302 343 3344 „
368 3262 529 3347 cotibus
547 3263 666 3347 vilius
684 3266 740 3347 est
760 3270 801 3349 &
823 3266 1071 3365 extremius,
1088 3262 1136 3347 -id
1158 3264 1215 3347 est
1234 3282 1384 3373 corpus
1406 3260 1422 3344 l
1445 3264 1639 3347 Amastra
1657 3291 1757 3375 ergo
1777 3261 1858 3350 fide

293 3420 341 3463 -η
367 3382 490 3465 etiam
505 3380 573 3464 illa
595 3382 782 3490 impietas
807 3380 1066 3484 excludatur,
1090 3400 1309 3491 totumque
1329 3380 1674 3493 hominem'atque
1698 3378 1861 3491 perfec-

309 3541 340 3581 „
364 3518 453 3583 tum
477 3498 657 3585 avemo
680 3496 767 3583 Dei
786 3498 1014 3610 susceptum
1046 3498 1127 3585 esse
1152 3498 1366 3591 credamus
1392 3541 1434 3581 n.
1458 3498 1625 3585 Eisdem
1649 3500 1863 3613 Augustini

312 3615 523 3701 Dodrinis
546 3617 761 3700 illustratur
778 3618 902 3701 etiam
923 3618 998 3701 alia
1020 3619 1131 3731 Lulli
1149 3618 1280 3718 ratio,
1305 3645 1449 3728 quam,
1468 3647 1580 3702 num.
1607 3643 1642 3727 ς.
1665 3619 1861 3727 exponit,

249 3754 255 3761 '
312 3736 492 3835 scilicet,
516 3734 657 3844 quod,
675 3731 1014 3848 nistvegetativa,
1039 3743 1082 3821 dc
1104 3734 1289 3819 sensitiva
1309 3732 1532 3819 fuissentin
1555 3734 1719 3821 Christo
1741 3737 1860 3847 geni·-

315 3874 395 3955 tat,
418 3854 544 3937 Filius
565 3852 652 3937 Dei
673 3880 748 3962 per
768 3854 878 3937 suam
899 3882 1070 3969 carnem¹
1088 3850 1329 3964 assumptam
1348 3881 1431 3937 non
1448 3854 1712 3965 participaret
1731 3854 1771 3935 in
1784 3872 1859 3963 pa-

235 3972 240 3979 ’
314 3970 469 4054 'rantela
487 3998 582 4053 cum
603 3970 779 4055 humana
801 4000 951 4085 genere
978 4000 1054 4083 per
1075 3968 1303 4057 senfitivam
1322 3978 1364 4057 &
1381 3973 1650 4084 vegetativam
1668 4002 1681 4063 ς
1714 3976 1758 4055 ὅ(
1785 3997 1860 4080 per

313 4089 566 4196 consequens
581 4118 663 4173 non
677 4089 870 4199 potuisset
884 4117 1066 4176 recreare
1086 4092 1309 4175 humanum
1326 4090 1588 4203 genuspcitm
1605 4087 1859 4192 sensitivam,

296 4210 361 4291 ’δε
382 4206 841 4317 vegetativumhumani
858 4212 1018 4322 generis
1041 4208 1169 4295 fuerit
1185 4210 1223 4292 in
1240 4209 1381 4319 primis
1398 4208 1637 4294 Parentibus
1652 4209 1860 4309 vitiatumt

293 4320 348 4406 ··fi
370 4342 508 4407 tamen
531 4328 805 4438 vegetativum
830 4333 873 4411 δι
906 4325 1139 4413 senfitivum
1163 4327 1379 4413 bominum
1396 4334 1490 4413 nor?
1500 4350 1790 4440 generaretur,
1818 4334 1860 4415 dt

292 4440 625 4545 traduceretur,
651 4444 721 4530 sed
743 4464 976 4548 crearetur,
999 4442 1238 4531 nonfuiss'et
1261 4468 1530 4556 corruptum,
1553 4451 1595 4528 ὅ(
1614 4447 1800 4561 vitiatum
1819 4449 1860 4531 in

315 4560 453 4669 primo
475 4561 641 4647 bomine
662 4562 734 4647 sed
748 4584 848 4673 pura
865 4565 1117 4649 elementalis
1133 4586 1284 4649 natura.
1301 4564 1368 4647 Ad
1386 4564 1496 4674 quod
1508 4562 1687 4649 alludens
1702 4565 1760 4647 D.
1779 4566 1861 4651 Bo·

298 4696 479 4762 ‘'navent.
496 4680 537 4763 in
558 4706 594 4789 3.
615 4680 701 4765 dist.
729 4710 766 4764 2.
780 4702 863 4765 art.
886 4710 987 4794 2.·q.
1009 4712 1045 4767 2.
1069 4704 1181 4769 num.
1208 4710 1244 4793 3.
1264 4685 1343 4767 ait:
1366 4682 1485 4791 Quid
1503 4681 1672 4791 christus
1693 4682 1860 4797 offitmp-

303 4780 364 4907 fit
378 4824 504 4881 veram
526 4796 704 4901 carnem,
726 4825 853 4883 verum
875 4829 1041 4909 corpus,
1064 4800 1107 4887 δ’
1132 4828 1259 4887 verum
1281 4804 1448 4883 oninium
1465 4825 1548 4882 cum
1558 4800 1644 4911 fitis
1657 4804 1860 4909 potentiis,

318 4906 547 5024 vegetant,
568 4912 1044 5026 patruae-ramat.
1391 4904 1398 4925 ’

295 5082 303 5092 -
376 5026 498 5131 LXV
500 5094 510 5114 .
537 5032 728 5121 Tandem
747 5033 888 5135 ultima
911 5038 1021 5123 Lulli
1043 5040 1175 5140 ratio,
1200 5058 1324 5148 quam‘
1343 5048 1454 5121 num.
1474 5040 1514 5120 6.
1538 5034 1701 5135 scribit,
1729 5036 1800 5118 stat
1819 5034 1862 5121 in

317 5150 425 5251 hoc,
445 5150 558 5260 qnod
578 5147 652 5265 nist
665 5152 894 5265 vegetativa
916 5160 958 5238 dt
978 5148 1160 5241 sensitiva
1182 5154 1367 5241 omnium
1385 5156 1630 5251 hominum,
1651 5180 1697 5237 ac
1717 5155 1862 5237 consc-

296 5264 558 5377 -quenterfin
576 5268 738 5375 Christo
753 5325 766 5375 ‚
784 5266 922 5371 ,essem
944 5274 965 5354 i
984 5264 1375 5386 generantesbtu‘ta
1386 5264 1431 5361 ’δι
1449 5274 1595 5382 planta
1612 5298 1688 5380 per
1706 5266 1863 5357 sansrtl·
