5150 6667
77 727 79 797 r
576 685 1027 776 nrssnar.
1090 688 1274 778 vrtr.
1336 692 1377 802 a.
1438 691 1551 814 11„
1720 705 1800 811 1⁶,

241 851 492 944 tentatque
524 827 580 916 ita
603 829 772 940 planum
792 829 876 929 est,
899 829 1067 913 Lulltun
1100 827 1250 916 docere
1273 889 1288 932 ,
1314 831 1624 918 Sacramentum
1653 836 1802 928 Altaria

77 959 78 1048 i
238 950 325 1040 esse
341 950 527 1064 pollibile
542 976 619 1062 per
640 948 1119 1034 transubstantiationem.
1601 1042 1605 1047 ¹

77 1051 78 1112 Ὺ
301 1071 395 1156 ΧΧ.
428 1067 706 1154 Praelaudatus
720 1066 895 1168 Censor,
915 1096 968 1152 ex
985 1067 1120 1178 quaest.
1148 1071 1241 1150 126.
1264 1064 1401 1152 Undat
1421 1069 1705 1156 Sacramentum
1719 1077 1802 1158 Al-

77 1193 78 1284 i
239 1192 340 1279 raris
357 1189 493 1274 debeat
517 1187 588 1302 effe
611 1190 634 1272 ‚²
655 1185 815 1274 Debitd
836 1186 991 1271 scilicet
1017 1184 1216 1272 decentiae
1240 1190 1282 1270 δι
1317 1188 1461 1278 morali
1482 1250 1496 1291 ‚
1521 1189 1696 1275 desumit
1717 1193 1802 1302 pri·
1907 1296 1910 1303 ι

76 1417 78 1421 Α
242 1338 361 1401 mum
383 1328 571 1406 textum,
592 1335 707 1392 num.
737 1334 801 1407 14.
822 1303 1062 1407 adduttum,
1077 1333 1129 1390 ex
1151 1332 1232 1414 quo
1256 1304 1424 1393 deducit
1441 1330 1624 1394 notatam
1645 1339 1800 1420 propo-

77 1439 78 1445 ‘
241 1423 464 1520 fitionem3
493 1452 571 1537 pro
587 1425 900 1510 clarioritamen
922 1423 1190 1536 intelligentia
1203 1425 1361 1539 integre
1381 1427 1497 1511 illum
1510 1455 1702 1538 expono:
1726 1430 1802 1514 ita-

77 1574 79 1606 ÷
244 1573 323 1654 que
343 1545 485 1630 Lullus
500 1602 514 1647 ,
532 1565 580 1630 ut
601 1545 753 1654 probet
774 1543 1085 1628 Sacramentum
1102 1541 1251 1626 Altaris
1266 1544 1417 1630 debere
1431 1544 1537 1647 else,
1552 1577 1664 1632 num.
1687 1577 1720 1630 1.
1736 1550 1802 1632 os·

77 1737 78 1742 t
242 1662 523 1777 tendit,qubd
543 1694 653 1748 ornne
670 1663 773 1746 illud
786 1722 800 1764 ,
811 1692 883 1771 per
903 1662 1007 1774 quod
1015 1659 1147 1772 diuina
1174 1659 1350 1747 Trinitas
1368 1669 1493 1776 magis
1500 1667 1620 1774 potest
1638 1667 1800 1777 intelligi
1827 1657 1913 1754 Text
1925 1708 2005 1772 prop

241 1775 1328 1894 aldemanointellectu,debeteffe,qttdpos1td,num.
1352 1781 1459 1869 z.s1c
1479 1785 1618 1870 scribit
1642 1813 1668 1852 u
1690 1786 1800 1870 Item
1831 1787 1880 1848 ¹⁹·

242 1941 270 1980 u
296 1899 401 1986 dixit
428 1898 698 2103 Raymunvs
718 1959 732 2000 ,
755 1897 867 2010 qubd
890 1899 1020 2006 major
1050 1893 1271 1982 similitudo
1299 1900 1532 1986 beatiffimae
1552 1904 1801 2007 Trinitatis,
1879 1900 1881 1903 ’
1949 1965 1959 1979 ·

241 2057 269 2100 n
293 2019 427 2130 quoad
440 2019 587 2102 modurn
611 2047 633 2102 c
665 2014 798 2103 nfistat
819 2044 896 2128 per
912 2019 1223 2104 Sacramentum
1239 2017 1390 2105 Altaris
1413 2082 1427 2124 ,
1450 2023 1546 2108 edm
1561 2021 1603 2104 in
1625 2021 1800 2107 beatissi-

239 2176 268 2220 υ
296 2165 364 2223 ma
379 2137 582 2224 Trinitate
597 2133 647 2220 fit
659 2138 870 2250 generatio
890 2196 904 2238 ,
930 2142 972 2222 ὅ(
990 2135 1154 2246 spiratio
1173 2132 1256 2221 fine
1272 2160 1389 2224 motu
1408 2150 1431 2241 ‚'
1443 2141 1562 2241 loco,
1584 2159 1797 2250 tempore,
1942 2178 1946 2184 ’

236 2291 268 2343 n
294 2255 573 2366 &quantitate
595 2316 610 2357 ,
636 2259 678 2339 dr
702 2251 756 2341 fic
781 2255 832 2341 de
852 2251 1047 2340 fimilibus
1062 2313 1076 2356 ,
1091 2281 1179 2364 quae
1198 2255 1290 2339 sunt
1312 2255 1363 2342 dc
1385 2249 1573 2344 senfitivo
1588 2263 1629 2341 ἃ
1653 2254 1799 2373 ὶωειςίέ

240 2414 266 2462 n
291 2375 466 2479 nativo(
485 2375 526 2460 id
545 2375 602 2460 est
624 2401 701 2487 per
731 2374 921 2477 sensum,
947 2378 988 2460 ὅ(
1015 2373 1073 2456 im
1125 2374 1348 2462 irationem
1365 2377 1648 2487 percipiuntur
1666 2380 1723 2489 >a
1745 2373 1800 2460 si-

242 2530 269 2576 n
294 2494 379 2577 mili
397 2493 439 2577 in
462 2495 726 2598 Sacramenta
744 2493 895 2578 Altaria
917 2551 932 2594 ,
958 2492 1062 2604 quad
1132 2522 1205 2602 per
1224 2493 1655 2605 tranfirbstantiationern
1678 2497 1800 2604 panis

77 2662 78 2706 r
243 2649 270 2700 n
292 2614 331 2694 in
348 2611 493 2721 Corpus
511 2613 676 2720 Christi,
696 2607 801 2721 &fic
821 2613 868 2695 de
891 2613 980 2695 vino
998 2612 1038 2693 in
1049 2608 1161 2719 strum
1170 2609 1397 2722 stanguinern
1408 2613 1640 2725 ‚fitbstantid
1648 2617 1799 2722 panis,

242 2769 269 2813 n
296 2726 337 2814 dr
344 2729 404 2840 fic
424 2733 470 2814 de
489 2731 579 2815 bino
601 2792 616 2832 ,
637 2731 843 2815 dimittente
857 2728 932 2840 fita
951 2729 1186 2831 accidentia,
1205 2726 1436 2840 &existente
1447 2731 1522 2843 stab
1541 2732 1799 2816 accidentibus

241 2888 271 2930 n
296 2845 476 2956 Corporis
511 2849 675 2957 curisti,
704 2847 1070 2949 transubstantiatio
1106 2844 1286 2935 consistit
1322 2846 1405 2936 fine
1437 2871 1556 2936 motu
1582 2849 1728 2941 locali3
1755 2852 1799 2934 dc
1902 2907 1907 2916 -

241 3006 270 3048 η
295 2966 626 3078 augmentatione
646 2968 899 3078 quantitatis,
915 2971 958 3053 dr
972 2967 1217 3052 succeffione
1236 2968 1463 3078 temporisr
1488 2973 1529 3055 ὅ(
1544 2967 1634 3053 talis
1650 2993 1798 3077 opera-

242 3123 270 3167 n
294 3084 356 3168 tio
372 3087 430 3170 est
447 3084 546 3170 illud
568 3086 805 3198 speculum,
825 3087 866 3171 in
888 3115 971 3197 quo
992 3086 1119 3200 magis
1145 3089 1412 3196 praesentatur
1434 3084 1619 3196 operatio
1644 3084 1798 3168 Santrae
1854 3089 1858 3094 ’

242 3241 271 3285 22
296 3201 544 3305 Trinitatis,
562 3205 604 3287 in
629 3233 708 3316 qua
729 3226 1088 3314 motus,tempus,
1110 3207 1343 3315 quantitas,
1365 3204 1481 3292 locus
1509 3209 1552 3289 δι
1573 3201 1813 3299 caeterahis‘

243 3357 274 3401 n
300 3313 469 3422 similia,
496 3347 579 3408 non
603 3323 755 3408 habent
775 3323 941 3424 locum,
960 3351 1036 3407 nec
1069 3319 1239 3432 possunt.
1254 3323 1404 3409 habere
1425 3353 1435 3404 e
1455 3350 1554 3436 ergo
1582 3321 1797 3430 sequitur,
1921 3403 1926 3416 ,

242 3477 271 3518 22
297 3435 408 3546 qubd
425 3439 502 3522 tale
520 3441 730 3550 speculum
746 3447 787 3524 dc
811 3441 889 3525 tale
912 3437 1072 3554 signum
1088 3438 1236 3526 debeat
1249 3438 1354 3545 esse,
1367 3464 1414 3526 ut
1434 3441 1552 3551 plura
1572 3440 1681 3523 bona
1702 3437 1797 3523 inde
1864 3547 1867 3553 ,

241 3594 269 3637 n
293 3555 512 3664 sequantur
529 3616 543 3659 ,
560 3578 607 3642 ut
620 3557 893 3670 supradictum
914 3562 994 3661 est,
1015 3563 1056 3644 dc
1076 3560 1232 3644 nullum
1250 3560 1415 3644 malum.
1430 3600 1458 3640 n

300 3662 414 3756 XXI.
445 3673 638 3760 Proseslb
665 3675 809 3762 obvius
837 3677 972 3763 sensus
1006 3678 1048 3762 in
1064 3677 1143 3764 hoc
1166 3699 1289 3764 textu
1306 3681 1386 3778 est,
1402 3697 1527 3787 prout
1548 3674 1598 3759 ad
1620 3674 1797 3785 praesen-

78 3805 80 3880 t
242 3815 329 3878 tem
342 3793 491 3901 spectat
507 3795 711 3905 scopum,
734 3795 846 3906 quod
862 3823 939 3908 per
964 3796 1427 3883 transubstantiationem
1448 3794 1659 3880 substantia
1681 3787 1797 3902 panis

78 3949 80 3966 ·
243 3911 435 4020 relinquit
452 3912 520 3996 sua
534 3912 787 4014 accidentia,
808 3919 849 3999 dr
869 3910 1093 4024 fitCorpus
1108 3915 1261 4001 Christi
1278 3910 1589 4023 ,taliterquod,
1604 3908 1797 4016 cumipse

245 4035 374 4139 pr'out
392 4030 739 4115 transubstantiata
761 4028 811 4116 fit
825 4033 956 4142 ipsum
976 4061 1126 4145 corpus
1149 4031 1330 4136 Christi,
1348 4032 1458 4144 quod
1472 4029 1604 4117 existit
1621 4027 1691 4111 sub
1718 4024 1796 4110 suis

78 4213 80 4262 ἶ
243 4142 524 4232 accidentibus
548 4180 558 4229 :
579 4149 663 4259 ipsa
683 4151 1029 4238 transubstantiata
1043 4155 1085 4242 oc
1100 4151 1201 4237 farta
1221 4151 1389 4263 Corpus
1407 4149 1559 4236 Christi
1576 4145 1708 4233 existit
1725 4143 1797 4228 sub

78 4281 79 4322 ³
243 4264 332 4372 ejus
349 4265 623 4356 accidentibus
646 4303 659 4353 .-
683 4265 808 4379 quod,
822 4291 869 4354 ut
883 4271 1027 4355 clarius
1041 4290 1193 4381 pateat,
1203 4269 1443 4371 notandum,
1451 4266 1563 4378 quod
1579 4266 1645 4349 hic
1661 4281 1798 4347 textus

78 4381 80 4404 ²
242 4383 287 4468 in
301 4381 484 4471 editione
498 4385 785 4472 Panormitana
806 4389 902 4477 anni
920 4418 935 4473 1
950 4413 967 4500 ς
980 4419 1043 4500 17.
1067 4391 1147 4500 qul
1166 4389 1360 4474 videntur
1381 4385 1441 4472 ust
1455 4381 1569 4471 fuiss'e
1594 4380 1797 4469 Censores
1866 4389 1872 4402 '

78 4499 80 4508 ’
240 4501 459 4607 Romani,
481 4505 604 4590 habet
614 4535 685 4615 per
697 4508 975 4620 translationem
994 4566 1008 4609 ,
1030 4510 1101 4593 ubi
1115 4537 1168 4596 ex
1181 4508 1362 4594 editione
1376 4502 1620 4619 Mogtmtina
1634 4496 1824 4585 moder-⁸

78 4615 80 4626 ’
244 4619 353 4706 niori
385 4619 556 4725 dicitur,
574 4653 644 4732 per
660 4623 1113 4736 tranfirbslontiationem,
1133 4628 1178 4712 in
1202 4627 1268 4712 illa
1292 4627 1415 4711 etiam
1438 4622 1631 4708 obscurus
1648 4617 1705 4703 est
1723 4616 1798 4701 ali-

245 4739 419 4849 qualiter
448 4740 615 4843 sensus,
635 4743 728 4853 quia
756 4743 963 4829 omittitur
987 4743 1109 4831 diuio
1137 4743 1485 4855 tranfirbstantiatio
1507 4760 1600 4825 ante
1623 4735 1797 4821 verbum

87 4851 93 4871 ⁸
242 4857 407 4968 confistit
415 4857 503 4969 fine
523 4887 658 4962 motu,
681 4859 754 4947 sec.
769 4890 823 4948 ex
836 4864 950 4970 cujus
966 4863 1177 4951 omiffione
1192 4893 1276 4966 non
1289 4864 1462 4948 habetur
1482 4855 1685 4971 persedus
1708 4854 1796 4976 sen-

79 5069 81 5082 :
244 4975 310 5059 sus
323 5036 338 5078 ,
352 5000 477 5086 prout
491 4979 532 5062 in
543 4979 797 5092 Mogontina.
812 4981 904 5067 Hdc
919 4979 1075 5092 posrto,
1089 4980 1345 5067 manifestum
1359 4982 1442 5082 est,
1461 4979 1665 5063 intentum
1679 4973 1794 5080 prin·

79 5093 82 5214 l
245 5095 377 5204 cipale
399 5096 516 5204 hujus
532 5100 669 5182 textile
691 5096 771 5184 effe
789 5159 804 5201 ,
827 5099 1105 5204 manifestare,
1128 5099 1238 5212 quod
1256 5097 1359 5184 ficut
1377 5099 1420 5182 in
1439 5098 1536 5182 Deo
1552 5097 1608 5179 est
1622 5113 1793 5203 genera·

79 5239 82 5374 Ι
246 5211 306 5294 tio
330 5217 371 5298 dc
395 5215 559 5324 spiratio
591 5213 674 5302 fine
694 5222 958 5323 motu,loco,
973 5225 1014 5304 ὅ(
1037 5220 1122 5303 aliis
1145 5216 1422 5304 accidentibus
1445 5276 1458 5317 ,
1490 5212 1602 5298 sensu
1625 5215 1668 5291 δι
1689 5205 1792 5287 ima-

241 5329 452 5442 ginatione
475 5329 835 5448 perceptibilibus,
857 5340 913 5425 ita
934 5337 975 5422 in
992 5337 1261 5422 'Sacramenta
1283 5335 1433 5422 Altaria
1456 5327 1504 5416 fit
1528 5322 1796 5411 transubstan-
1874 5437 1878 5442 Ι
