5150 6667
216 585 314 646 arrd-‘¹'

448 669 465 678 -·
594 641 694 732 nr
723 643 755 730 s
786 644 815 730 s
847 628 960 740 an
991 637 1052 732 Τ..
1090 636 1202 738 vr
1230 639 1318 726 11.
1346 725 1350 733 .
1380 644 1426 754 t·
1480 644 1571 738 11³-
1768 648 1858 740 '¹⁸¹

162 871 170 886 .
297 811 447 878 'omnes
470 785 511 872 in
533 783 647 886 boc,
670 783 782 896 qubd
800 805 853 869 ert
873 811 977 894 pane
1000 790 1043 870 ἃ
1067 783 1163 868 vino
1191 783 1439 870 consecratis
1462 789 1601 893 potest·
1628 786 1757 887 homo
1787 794 1855 885 vi.

287 935 402 996 vere
429 911 473 990 de
492 903 666 1003 nutriri,
696 923 744 986 ut
766 902 938 1011 exponit
957 901 1165 1020 Lullusin
1186 897 1366 985 adducto.
1382 901 1524 986 Textu
1545 961 1560 1002 ,
1581 906 1623 987 ἂ
1650 903 1774 992 docet
1796 909 1855 992 D.

252 1107 254 1114 ,
305 1026 518 1122 Thomas,
551 1047 587 1130 3.
610 1040 714 1131 part.
741 1043 778 1128 q.
806 1044 873 1126 77.
894 1039 967 1100 arr.
993 1049 1031 1127 7.
1055 1023 1098 1105 de
1121 1045 1217 1101 cum
1239 1017 1333 1126 ipso
1350 1046 1493 1102 omnes
1514 1018 1600 1124 ejus
1624 1018 1864 1130 Discipuli„

305 1171 350 1227 ac
366 1143 502 1252 plures
519 1140 593 1222 SS.
610 1138 764 1222 Patres.
779 1135 1051 1226 Conveniunt
1066 1163 1228 1245 quoque
1242 1137 1518 1223 communiter
1532 1165 1676 1232 ornnes
1691 1134 1733 1222 in
1751 1140 1857 1245 hoc,
1934 1194 1938 1204 ·

307 1255 417 1370 qubd
439 1283 590 1366 corpus
613 1253 765 1341 Christi
784 1255 1016 1364 perseverat
1031 1254 1100 1346 sub
1115 1253 1326 1361 speciebus
1345 1247 1720 1357 sacramentalibus,
1733 1256 1866 1366 usque·
1949 1342 1966 1373 a

308 1377 407 1462 dum
435 1374 529 1484 ipsae
552 1391 872 1483 corrumpuntur
896 1369 937 1454 in
957 1371 1179 1455 stomacho.
1200 1369 1467 1469 Conveniunt
1489 1367 1674 1457 fimiliter
1693 1373 1864 1479 inhoc„

309 1492 452 1604 qubd,
474 1493 570 1575 edm
589 1487 734 1575 definit
753 1485 832 1574 else
855 1515 1004 1596 corpus
1027 1487 1180 1573 Christi
1199 1489 1268 1574 sub
1292 1489 1503 1597 speciebus
1519 1483 1600 1592 ,';fit
1618 1489 1750 1598 aliqua
1767 1520 1860 1587 mu-

309 1611 443 1711 tatio,
469 1637 592 1718 quam
613 1607 736 1716 aliqui
758 1605 898 1690 dicunt
919 1601 999 1690 esse
1031 1601 1342 1696 eonversronern
1378 1612 1419 1689 ὅ(
1450 1607 1865 1712 transmutatione-m,

310 1729 393 1812 imb
416 1723 875 1824 transubstantiationem
897 1779 913 1821 ,
935 1721 976 1804 in
995 1720 1103 1806 illam
1125 1749 1274 1814 novam
1296 1721 1579 1825 substantiam,
1602 1753 1692 1834 quae
1715 1727 1861 1821 succe,-

76 1829 77 1842 ¹
290 1845 371 1931 dit
399 1875 410 1924 ι
443 1843 534 1952 quia
557 1839 831 1926 communiter
865 1839 1146 1947 supponitur,
1178 1837 1229 1930 ad
1258 1839 1369 1927 illam
1404 1837 1645 1928 defitionem
1673 1844 1870 1954 corporis-

313 1961 467 2048 Clrrilli
490 1955 702 2060 succedere
726 1986 876 2042 novam
897 1956 1183 2058 substantiam,
1206 1980 1252 2041 ut
1272 1957 1403 2042 videri
1419 1962 1552 2070 potest
1574 1959 1683 2070 apud
1705 1963 1866 2058 Suarez,

315 2080 358 2164 in
389 2104 424 2188 3.
446 2097 549 2187 part.
573 2098 674 2160 tom.
703 2101 745 2186 3.‹
763 2075 863 2186 disp.
889 2099 956 2182 54.
982 2095 1102 2183 atque
1125 2076 1180 2158 ita
1201 2075 1334 2160 sensus
1362 2077 1587 2174 multorum
1604 2080 1661 2162 est
1676 2078 1862 2188 ,-qubd,

316 2193 536 2304 ficutpanis
551 2196 837 2279 transmutatur
857 2193 899 2275 in
913 2219 1064 2301 corpus
1083 2191 1382 2302 Christi,prout
1397 2192 1736 2286 sacramentaliter
1755 2197 1862 2295 exis-

215 2383 223 2394 .
314 2334 420 2414 tens,
438 2313 492 2395 ita
507 2340 660 2422 corpus·
672 2311 838 2412 Christi,
847 2330 976 2424 prout
997 2307 1336 2410 sacramentaliter
1349 2312 1552 2413 existens,
1571 2306 1864 2400 transmutatur

313 2431 354 2514 in
378 2430 641 2542 corruptione
666 2429 893 2539 specierum
911 2425 962 2510 ad
972 2455 1123 2511 novam
1138 2429 1392 2516 substantiam
1410 2490 1424 2530 ,
1444 2458 1532 2543 quae
1550 2431 1743 2530 succedit.
1763 2430 1866 2529 Dif—
1941 2512 1945 2523 ,

314 2544 469 2635 ficultas
489 2606 504 2647 ,
527 2574 617 2658 quae
649 2573 793 2632 omnes
812 2567 1009 2656 torquet,
1032 2547 1104 2633 stat
1126 2545 1167 2628 in
1189 2547 1488 2657 explicatione,
1511 2549 1682 2658 qualiter
1697 2549 1756 2637 ibi
1777 2550 1867 2644 suc-

314 2664 425 2752 cedit
442 2693 548 2770 nqva
559 2664 782 2780 ¹substantia
799 2671 874 2764 ,dt
895 2659 942 2746 fit
954 2663 1130 2748 hominis
1149 2664 1318 2749 nutritio
1337 2671 1379 2749 ὅ(
1398 2666 1701 2780 augmentatiot
1720 2667 1866 2755 Lullus

315 2783 448 2868 innuit
469 2783 511 2866 in
534 2783 613 2868 hoc
638 2779 1190 2892 Textu,qubd,des1nente
1213 2811 1389 2892 corpore
1411 2782 1563 2868 Christi
1579 2779 1662 2866 elle
1677 2782 1746 2886 sub
1772 2785 1865 2892 spe-

315 2899 457 2986 ciebus
472 2958 485 2998 ,
500 2894 547 2982 fit
565 2897 778 3008 produttio
801 2899 898 2984 novi
916 2899 1059 3008 panis,
1084 2927 1136 2985 ex
1158 2927 1239 3008 quo
1261 2899 1463 3009 recipiens
1482 2899 1772 3000 Eucharistiam
1791 2929 1866 3000 nu-

295 3019 441 3104 ·tritur
462 3022 504 3102 ἃ
527 3037 834 3128 augmentatur,
855 3037 980 3126 prout
1000 3015 1117 3118 infra,
1141 3017 1179 3126 §.
1202 3047 1246 3118 4.
1269 3017 1293 3100 d
1313 3045 1423 3100 num.
1449 3039 1514 3124 50.
1538 3016 1793 3129 explanabo,
1815 3012 1870 3100 fi-

317 3156 389 3221 cut
415 3140 457 3220 ἂ
480 3133 627 3218 relatas
650 3133 1015 3218 transmutationes.
1374 3224 1379 3232 ,

378 3253 472 3334 XL.
498 3251 564 3336 Ex
577 3251 685 3352 hoc,
707 3274 755 3334 ut
771 3273 899 3361 puto,
917 3254 1049 3360 potest
1072 3251 1216 3340 claritis
1236 3249 1409 3365 intelligi
1431 3269 1594 3340 notatus
1616 3249 1728 3351 Lulli
1747 3251 1867 3345 Τεκ-1

322 3389 388 3452 tus
403 3399 430 3460 π,
446 3396 540 3453 nam
563 3369 680 3477 quia,
700 3367 795 3452 dum
818 3347 1135 3480 coitumpuntur
1155 3368 1310 3477 species
1333 3368 1666 3470 sacramentales,
1684 3368 1877 3469 succedit.

318 3486 432 3593 juxta
455 3513 598 3570 ornnes
616 3513 746 3585 ,nova
766 3487 992 3589 substantia,
1012 3487 1233 3598 quaetjuxta
1250 3486 1379 3595 ipsum
1394 3489 1450 3571 est
1468 3515 1596 3571 novus
1614 3486 1753 3596 panis,
1773 3485 1870 3571 ideo

303 3599 424 3687 ‚redd
449 3601 550 3685 dicit
573 3633 584 3683 ι
608 3602 876 3687 Verumtamen
890 3601 1097 3714 secunddm
1121 3603 1233 3692 aliud
1250 3605 1425 3688 eveniens
1440 3604 1590 3711 instans
1607 3603 1736 3687 eadem
1751 3600 1866 3713 fitbs

317 3722 440 3804 tantia
455 3722 603 3828 panis,
625 3719 709 3826 post
737 3718 1080 3831 transmutationem
1090 3719 1242 3830 fresiam
1264 3723 1305 3806 in
1327 3751 1462 3830 corpus
1480 3720 1618 3828 Christi
1636 3720 1657 3824 (
1676 3718 1774 3804 dum
1791 3721 1867 3806 sci..

318 3837 416 3924 licet
435 3857 754 3946 corrumpuntur
771 3837 1023 3940 accidentia,
1043 3845 1084 3924 δι
1104 3833 1151 3922 fit
1168 3867 1272 3922 nova
1286 3833 1566 3923 transmutatio
1582 3845 1602 3947 )
1613 3838 1734 3945 potest
1745 3835 1869 3946 trans-

298 3956 459 4048 ‚mutari
486 3958 526 4038 in
533 3929 659 4037 'aliud
672 3983 832 4062 corpur,
849 3955 995 4065 scilieet
1008 3959 1047 4038 in
1061 3956 1355 4065 corpusponis(
1375 3955 1443 4064 qui
1462 3953 1512 4042 de
1528 3982 1636 4038 novo
1652 3976 1748 4037 tunc
1767 3981 1870 4062 pro-

259 4137 261 4142 .
321 4070 486 4158 ducitur
509 4079 528 4181 )
552 4069 593 4156 δ’
618 4071 873 4180 recuperare(
895 4072 935 4156 in
957 4101 1060 4185 pane
1084 4072 1276 4158 videlicet
1299 4101 1407 4156 novo
1428 4079 1447 4182 )
1471 4074 1599 4180 primo
1620 4070 1874 4174 accidentia,

303 4217 407 4299 ‚quoe
428 4188 563 4298 dimisti
574 4187 659 4300 fine
672 4187 844 4299 subjec‘lo
868 4189 1015 4300 (panis
1039 4191 1194 4300 primus
1219 4188 1316 4274 dum
1330 4189 1408 4295 fuit
1429 4189 1645 4276 conversus
1659 4189 1701 4271 in
1721 4215 1874 4298 corpus

309 4303 517 4415 Christi)
543 4302 583 4390 dr
608 4308 690 4388 ideo
716 4308 845 4389 eadem
864 4307 1076 4417 firbstantia
1102 4309 1221 4417 punis
1240 4308 1361 4415 potest
1389 4307 1569 4392 dimittere
1584 4336 1725 4413 panem
1758 4303 1879 4416 (pet

322 4421 385 4506 sul
407 4420 599 4515 videlicet
625 4419 973 4536 conversionem)
996 4423 1036 4511 dr
1057 4423 1299 4534 transmutari
1324 4427 1364 4506 in
1386 4454 1535 4538 earnem
1559 4421 1729 4528 Christi(
1748 4440 1876 4531 prout
1998 4499 2004 4510 .

84 4522 88 4531 ¹
234 4577 237 4582 ·
262 4619 266 4632 ‚
320 4539 665 4654 sacramentaliter
688 4539 925 4628 existentem
943 4545 985 4627 in
1008 4541 1256 4628 Eucharistia
1277 4521 1715 4652 tedminirecamen
1735 4539 1876 4650 Chresti

81 5324 90 5453 l

328 4655 466 4760 (dum
486 4657 639 4742 scilicet
665 4681 984 4768 corrumpuntur
1005 4659 1256 4761 accidentia,
1276 4663 1318 4743 &
1342 4653 1549 4741 desinente
1574 4657 1631 4740 ibi
1648 4653 1728 4764 effe
1744 4657 1876 4760 sacra·
1900 4726 1903 4730 .

309 4775 561 4888 ,mentaliter
581 4804 700 4862 carne
725 4775 902 4888 Christi,
928 4773 975 4863 fit
993 4777 1270 4864 transmutatio
1294 4779 1317 4857 ὲ
1338 4783 1456 4859 carne
1473 4773 1650 4874 Christi,
1673 4797 1797 4883 prout
1816 4776 1882 4875 sa-

330 4891 630 4992 cramentaliter
656 4893 885 4994 existente,
912 4895 962 4978 ad
981 4925 1128 4980 novam
1149 4893 1442 5002 substantiam)
1475 4889 1516 4976 ὅ*
1537 4894 1695 5001 tremere
1713 4889 1875 4998 speciem

311 5079 314 5086 .
324 5003 442 5120 panis
465 5008 489 5124 (¹
503 5038 581 5120 per
600 5009 680 5124 hoc
705 5010 895 5100 videlicet
924 5011 1035 5122 qubd
1052 5034 1150 5098 tunc
1173 5010 1423 5121 producatur
1450 5037 1578 5103 novus
1602 5007 1716 5116 panis
1740 5036 1750 5084 τ
1779 5005 1878 5115 qui,
1951 5055 1955 5061 .

320 5127 426 5224 ,clam
451 5124 699 5236 producatur
721 5129 791 5212 sub
815 5128 1090 5216 accidentibus
1127 5128 1301 5238 inceptis
1333 5126 1542 5235 corrumpi
1568 5133 1588 5236 )
1623 5121 1704 5218 idea
1728 5121 1767 5202 in
1798 5119 1879 5232 ipsa

337 5241 356 5350 (
377 5244 601 5364 substantie,
612 5243 729 5363 penis
748 5252 768 5360 )
787 5247 839 5368 est
858 5250 1005 5358 incepta
1026 5247 1081 5332 ed
1099 5248 1368 5359 corruptionem
1384 5245 1503 5359 panse
1523 5236 1774 5344 naturaliter,
1794 5264 1880 5326 ren-

1246 5479 1502 5625 Ue
