5150 6667
482 657 490 675 .
578 598 585 606 '
715 580 1164 677 Dalssnur.
1225 582 1574 719 I.*§.··V;.·
1655 594 1660 601 ’
1750 609 1879 707 xm

242 784 247 797 ·
319 772 357 826 r.
375 726 525 815 ‘teriam
539 742 659 834 atque
679 719 900 808 subfidium
919 717 993 805 fibi
1016 720 1134 807 inlito
1156 723 1403 809 immittens:
1417 727 1472 812 ita
1484 726 1655 814 dicimus
1669 728 1792 817 ctiam
1806 735 1885 841 id,

106 843 117 872 '
244 908 246 915 ·
327 890 355 929 o
380 845 492 956 quod
513 874 566 929 ex
596 841 763 927 homine
781 840 978 926 avellitur
1003 838 1054 922 ad
1075 840 1252 925 hominis
1277 841 1474 927 sationem
1497 905 1511 947 ,
1534 846 1692 956 ipsum,
1715 878 1882 963 quoque.

327 1008 358 1059 s„
379 960 639 1075 aliquomodo
663 958 809 1044 animal
832 955 946 1056 elle,
973 985 1025 1042 ex
1048 958 1225 1043 animato
1255 958 1516 1063 animatum,
1544 970 1586 1047 ὅ(
1611 992 1665 1047 ex
1687 996 1737 1051 eo
1766 968 1883 1080 quod.

328 1124 355 1167 o
379 1081 578 1180 nutritur,
597 1078 639 1163 id
662 1075 774 1190 quod
795 1077 998 1159 nutritur.
1023 1135 1034 1155 .
1058 1134 1069 1156 .
1094 1136 1104 1156 .
1125 1074 1471 1185 quemadmodum
1487 1080 1610 1191 igitur
1631 1082 1880 1173 innascenti-

328 1244 356 1284 υ
378 1202 453 1288 bus
468 1198 685 1285 seminibus
700 1196 999 1288 incrementum
1014 1196 1206 1303 paulatim
1225 1194 1276 1277 ad
1289 1194 1585 1304 perfectionem
1597 1202 1884 1312 progreditur,
1971 1202 1976 1213 ’

329 1362 356 1402 n
382 1318 531 1405 eddem
545 1314 672 1401 modd
691 1314 733 1397 in
756 1312 968 1397 hominum
988 1339 1150 1421 quoque
1167 1311 1414 1428 formatione
1430 1336 1550 1425 atque
1574 1320 1884 1425 constitutione,

191 1448 195 1455 “
323 1480 356 1535 ,n
380 1435 628 1546 procatione
653 1454 775 1543 atque
791 1430 1060 1541 proportione
1075 1458 1285 1540 corporeae
1301 1432 1611 1545 magnitudinis,
1626 1437 1885 1549 animaequo-

332 1598 358 1639 o
386 1583 469 1665 que
482 1552 669 1665 potentia
692 1571 860 1660 apparet
874 1569 994 1659 atque
1014 1548 1359 1657 elucetzprimitm
1379 1551 1544 1661 quidem
1562 1554 1738 1661 pervim
1753 1558 1886 1658 alendi

329 1669 503 1783 ssiimul
515 1693 635 1780 atque
651 1666 852 1781 augendi,
871 1668 946 1765 iis,
974 1695 1063 1776 quae
1082 1666 1123 1749 in
1139 1688 1257 1753 utero
1277 1666 1557 1779 effinguntur,
1586 1672 1666 1755 sese
1683 1670 1898 1783 insinuans

329 1832 356 1874 ι,
384 1812 503 1900 atque
533 1789 771 1871 innascens:
795 1786 891 1869 Post
912 1785 999 1868 hacc
1022 1786 1122 1867 verb
1152 1783 1307 1873 denum
1330 1786 1531 1873 sentiendi
1561 1787 1603 1871 in
1627 1790 1759 1876 lucem
1784 1822 1885 1904 pro-

230 1967 233 1971 ·
331 1950 358 1992 υ
385 1908 512 1995 dusiis
523 1906 739 2011 inducens,
757 1924 876 2013 atque
892 1902 948 1985 ita
963 1900 1156 2011 deinceps
1178 1897 1285 2022 quast
1304 1900 1480 1986 fructum
1500 1907 1749 2015 quemdam,
1773 1915 1886 1997 aaran

330 2070 356 2108 υ
381 2026 461 2131 jam
474 2024 638 2143 planti,
658 2020 922 2106 mediocriter
939 2030 1110 2104 exerens
1126 2048 1171 2103 ac
1188 2018 1367 2127 prodens
1381 2023 1541 2113 ratione
1556 2025 1771 2133 praeditam
1780 2029 1883 2125 virm
1980 2076 1993 2091 .
2042 2036 2048 2047 ·

327 2186 356 2239 n
373 2172 462 2229 non
480 2141 708 2232 universam
726 2134 846 2223 fimul
872 2138 913 2222 in
932 2166 1059 2221 untun
1079 2130 1327 2221 'conducam
1366 2139 1540 2249 repente
1565 2201 1577 2242 ,
1606 2143 1676 2241 sci
1692 2148 1771 2227 uni
1790 2174 1885 2236 cum

101 2312 109 2326 -
256 2288 258 2293 ·
324 2304 353 2351 n
379 2256 1063 2373 surgente&errcrescenteplanta
1081 2284 1158 2365 per
1181 2257 1500 2341 consentaneum
1520 2263 1886 2371 &competentem

328 2423 354 2474 η
379 2375 633 2493 progressum
648 2373 1016 2487 atqueprofedium
1037 2374 1291 2459 crescentem
1310 2375 1659 2487 &augescentem
1679 2380 1886 2489 Quoniam

321 2540 354 2581 n
379 2498 504 2611 igitur
517 2496 560 2580 id
583 2495 694 2605 quod
711 2494 760 2579 ab
784 2492 969 2578 animatis
989 2492 1039 2575 ad
1055 2492 1266 2579 materiam
1284 2496 1326 2575 ὅ(
1342 2494 1500 2584 causam
1516 2495 1682 2579 animati
1696 2499 1888 2583 constitu·-

329 2659 355 2699 η
382 2615 503 2699 tionis
522 2615 734 2713 avellitur,
756 2633 967 2697 mortuum
995 2608 1076 2695 effe
1113 2610 1196 2697 non
1218 2612 1357 2720 potest
1378 2615 1398 2714 (
1419 2613 1642 2697 mortalitas
1681 2616 1791 2699 enim
1809 2645 1886 2725 per

177 2746 181 2753 ’
237 2820 241 2828 ,
325 2774 356 2823 ,n
382 2734 523 2817 animae
543 2731 815 2841 privationem
837 2726 1000 2814 fittnon
1013 2722 1152 2813 autem
1164 2728 1543 2838 privatiohabitum
1558 2732 1883 2845 anticipaverit)

329 2891 356 2933 n
381 2878 434 2935 ex
447 2851 507 2933 his
523 2846 897 2959 deprehendimus,
921 2874 1185 2931 commtmem
1218 2851 1259 2930 ὅ(
1279 2847 1321 2929 in
1349 2875 1476 2929 unum
1497 2846 1688 2959 idemque
1717 2870 1882 2961 tempus

321 3011 357 3063 ,n
381 2967 578 3071 collatum
592 2964 880 3080 ingressum&
905 2964 1060 3049 aditum
1093 2960 1369 3049 ad‘ellentiam
1387 2960 1572 3073 patefieri
1590 2971 1632 3050 dc
1656 2996 1880 3080 coagmen-

323 3128 355 3177 xn
381 3086 525 3179 tationi
539 3084 998 3195 atquecoalitioni,quae
1013 3112 1066 3167 ex
1083 3083 1701 3191 ambobus,corporescilicetdr
1716 3087 1888 3188 anima,

323 3246 355 3296 ,n
381 3208 536 3289 constat
559 3210 599 3289 ὅ(
624 3202 825 3287 coalescit.
850 3204 997 3312 Neque
1019 3202 1097 3287 hoc
1121 3202 1236 3311 priits
1258 3200 1451 3295 existente
1471 3248 1486 3301 ‚5
1509 3230 1639 3313 neque
1663 3203 1729 3287 illa
1742 3208 1880 3313 poste.-

329 3362 354 3404 n
384 3323 473 3406 ritu
491 3321 727 3407 accedente.
743 3361 769 3401 η
1571 3396 1585 3422 .
1761 3336 1770 3351 ·

319 3502 324 3511 .
391 3440 504 3523 LIX.
526 3442 626 3537 Haec
651 3433 808 3547 scripfit
820 3436 878 3519 D.
899 3436 1122 3549 Gregorius
1141 3495 1156 3537 ,
1176 3456 1224 3519 ut
1246 3436 1476 3523 ostenderet
1499 3467 1587 3549 quac
1611 3440 1889 3543 immediate,

332 3556 506 3643 refutati
534 3555 730 3667 opinione
751 3554 808 3640 ¹de
833 3555 1056 3639 animarum
1077 3555 1375 3665 praeexistentia
1409 3557 1450 3640 in
1485 3556 1680 3667 peculiari
1711 3558 1883 3668 quddam

330 3676 503 3776 statione
525 3734 544 3775 ,
567 3696 666 3759 ante·
687 3672 964 3782 praemiserat,
988 3671 1136 3783 nempe
1157 3704 1174 3766 ;.
1205 3703 1230 3742 u
1252 3668 1476 3759 Enimvero
1507 3676 1774 3783 posteriorem
1800 3676 1889 3765 effe

328 3794 583 3907 „originem
606 3792 832 3887 animarum
848 3850 864 3891 ,
882 3790 1061 3901 ipsasque
1086 3792 1337 3893 recentiores
1360 3790 1440 3877 effe
1464 3812 1685 3902 corporum
1708 3820 1891 3901 compu-

333 3952 360 3993 υ
382 3910 557 4011 sitione,
578 3938 701 3995 nemo
720 3911 810 3993 sana
824 3929 962 3993 mente
977 3906 1172 4019 praeditus
1186 3909 1228 3993 in
1247 3909 1427 3993 animum
1440 3909 1666 4008 induxerit,
1681 3910 1775 3993 edm
1793 3940 1889 3995 mar⁴

317 4070 359 4111 ss
385 4029 573 4113 nifellum
591 4057 635 4113 ac
650 4028 911 4137 perspicuum
929 4022 979 4109 fit
994 4027 1204 4127 omnibus,
1227 4026 1336 4137 qu'od
1354 4027 1455 4111 nihil
1468 4044 1520 4112 etr
1534 4026 1718 4110 inanimis
1737 4028 1884 4114 habeat

331 4188 360 4228 n
385 4148 426 4231 in
450 4148 531 4233 sese
553 4146 638 4230 uim
665 4142 861 4242 movendi
882 4143 1037 4253 pariter
1059 4164 1178 4255 atque
1203 4144 1423 4229 crescendi.
1464 4143 1522 4228 At
1548 4174 1720 4245 eorum,
1752 4148 1889 4256 quiin

330 4276 505 4351 n'utero·
522 4264 783 4365 rmtriuntur,
808 4289 940 4371 neque
965 4283 1231 4375 augmentum
1259 4268 1301 4347 ὅ(
1329 4264 1655 4363 incrementum,
1678 4282 1808 4373 neque
1830 4265 1889 4351 de·

200 4450 204 4460 .
316 4425 355 4467 a„
381 4384 500 4484 loco,
518 4382 573 4477 ,ad
594 4384 737 4480 locum
754 4400 890 4466 motus
909 4381 1156 4465 introversus
1190 4386 1231 4465 dc
1254 4382 1469 4495 ambiguus
1488 4384 1557 4466 est.
1613 4382 1887 4494 Relinquitur·

330 4544 356 4584 n
383 4502 528 4614 igitur„
552 4523 597 4585 ut
618 4521 809 4611 putemus
832 4526 960 4619 unum
980 4504 1021 4585 δι
1045 4496 1156 4583 idem
1176 4491 1320 4583 annnae
1345 4506 1386 4585 dr
1416 4498 1599 4609 eorporis
1623 4500 1901 4584 constitutio-'

318 4662 357 4713 ,n
383 4621 443 4733 nis
465 4615 818 4730 principiumelse
833 4658 874 4698 nx.
895 4620 988 4701 Hoc
1009 4638 1179 4717 autem,
1203 4638 1248 4701 ut
1269 4638 1441 4727 ,apparet
1454 4645 1505 4699 ex
1521 4614 1634 4701 diuis
1649 4677 1668 4717 ,
1685 4619 1890 4732 intelligi·-

206 4774 212 4783 ·
312 4760 398 4823 -aur
420 4736 560 4822 ordine
577 4735 753 4847 quddam
768 4794 781 4835 ,
799 4736 859 4831 ita,
868 4757 915 4819 ut
928 4736 1060 4821 anima
1080 4734 1215 4845 quoad
1227 4734 1452 4845 potentiam
1471 4735 1769 4847 vegetativam,
1792 4736 1881 4845 pri„

194 4928 201 4939 .
247 4928 250 4931 .
329 4854 508 4943 mainsm
524 4856 677 4956 foetui,
703 4850 848 4942 deiude
873 4852 1008 4963 quoad
1028 4848 1287 4951 sensuivam,
1306 4856 1348 4935 dt
1370 4850 1536 4936 tandem
1551 4853 1649 4936 dum
1663 4874 1804 4961 aptum
1822 4852 1889 4933 est:

313 5004 507 5087 eorpus,
527 4971 698 5083 'infundi
721 4971 958 5058 rationalem
979 5032 995 5073 ‚
1018 4998 1106 5081 quae
1123 4968 1240 5054 fimul
1262 4972 1436 5054 estnon
1455 4998 1661 5079 corpore,
1685 4996 1765 5051 non
1786 4969 1888 5078 quir
1934 5070 1937 5075 Ι

316 5088 795 5205 ¹dernutcumque·,'sed
825 5118 919 5175 cum
952 5117 1125 5199 corpore
1144 5087 1460 5197 proportionato
1483 5092 1524 5171 ἃ
1544 5082 1766 5194 disposito,
1788 5086 1890 5195 quin

228 5244 234 5253 .
314 5214 422 5302 ⁴haec
439 5215 609 5323 nonest
635 5236 834 5323 corporea
850 5237 941 5333 'nec
966 5206 1193 5293 traducitur
1213 5208 1235 5289 i
1257 5225 1510 5329 generante,
1534 5200 1888 5406 quffiadmodm

368 5348 369 5353 a
624 5364 634 5383 .
1558 5350 1563 5364 ,
1646 5344 1700 5435 ¹4
1774 5404 1777 5409 Ι
1954 5336 1959 5343 ,
