5150 6667
712 616 1433 705 DI<SSERT.VIII.
1497 618 1631 728 §.L
1868 630 1944 711 1¹61

399 806 425 848 ss
447 764 576 849 virtus
595 818 608 862 ,
627 759 788 847 tantum
811 760 849 844 se
868 760 990 845 nobis
1010 753 1164 844 tribuis.
1180 788 1205 827 ιι
1236 757 1293 839 Et
1321 787 1432 840 num.
1463 789 1528 843 12.
1550 758 1650 841 dicit
1678 790 1689 839 ι
1728 800 1753 842 n
1777 764 1883 875 Quia
1906 769 1956 850 in·

397 927 422 966 n
449 885 715 970 sacramento
744 878 893 963 Asteris
913 879 1134 989 principiat
1163 878 1292 959 virtus
1316 878 1552 985 potestatis,
1577 877 1835 986 inquantum
1862 885 1953 967 vir-

397 1046 422 1085 „
445 1000 512 1085 tus
549 1000 771 1083 verborum
795 997 845 1081 de
873 1024 976 1106 pane
1013 994 1111 1079 facit
1151 1022 1351 1092 carnem,
1390 995 1625 1079 &devino
1650 996 1894 1109 sanguinem.
1921 1032 1953 1072 ιι
1998 1008 2001 1012 “

398 1121 559 1205 Omitto
573 1118 749 1227 reliqua,
764 1115 979 1200 advertens
999 1114 1110 1223 quod
1127 1111 1212 1197 fere
1232 1113 1274 1196 in
1294 1112 1449 1194 omnib.
1475 1144 1569 1195 200.
1591 1112 1657 1221 §§.
1677 1116 1795 1220 hujus
1816 1124 1952 1226 quaest.

403 1264 438 1349 5.
462 1238 608 1323 eadem
631 1237 833 1346 repetitur
851 1234 1045 1319 dostrina.
1459 1240 1463 1247 ’
1952 1288 1955 1297 -

451 1358 529 1442 XI.
557 1355 678 1442 Idem
699 1356 785 1437 Lib.
814 1356 997 1437 Proverb.
1021 1351 1163 1454 (tom.
1198 1357 1271 1461 6.)
1301 1370 1403 1463 part.
1426 1376 1461 1459 3.
1500 1378 1588 1462 cap.
1627 1381 1692 1435 21.
1718 1353 1768 1437 de
1806 1355 1955 1439 Sacra-

399 1496 538 1562 mento
560 1473 740 1575 Altaris,
767 1501 883 1556 num.
913 1478 951 1552 6.
975 1471 1031 1552 ita
1044 1470 1166 1553 habet
1189 1501 1199 1549 t
1222 1470 1272 1550 sn
1296 1470 1539 1554 sacramento
1562 1470 1719 1555 Altaris
1733 1474 1840 1555 Deus
1867 1506 1956 1556 curn
2008 1462 2017 1483 ’

391 1594 463 1705 fita
495 1593 685 1685 voluntate
698 1590 804 1702 fecit
825 1592 871 1673 de
887 1618 991 1698 pane
1013 1617 1162 1671 carnem
1180 1584 1220 1671 b
1237 1587 1283 1669 de
1307 1591 1394 1669 vino
1408 1586 1635 1697 sanguinem
1656 1650 1672 1691 ,.
1693 1588 1952 1705 &Presbyter

398 1743 478 1797 cum
505 1710 590 1823 fitis
621 1711 758 1793 verbis.
783 1711 911 1792 Num.
938 1737 977 1816 7.
1001 1708 1208 1817 Presbyter
1232 1736 1315 1788 curn
1331 1704 1416 1816 fitis
1435 1710 1558 1789 verbis
1578 1736 1700 1793 movet
1722 1710 1955 1793 voluntatens

399 1833 474 1918 Dei
499 1831 556 1913 ad
589 1828 784 1911 volendum
807 1830 847 1909 in
870 1856 945 1909 uno
968 1849 1151 1907 momento
1187 1853 1334 1906 carnem
1365 1826 1410 1905 de
1425 1854 1562 1932 pane,
1596 1824 1875 1937 &fhnguinem
1906 1830 1952 1910 de

402 1953 505 2032 uino.
528 1948 658 2029 Num.
682 1942 720 2027 8.
735 1948 972 2058 Presbyter,
1004 1969 1087 2024 curn
1100 1942 1278 2049 potestate
1301 1942 1377 2023 Dei
1393 2002 1405 2041 ,
1424 1940 1527 2050 facit
1552 1945 1654 2054 quo'd
1674 1950 1801 2030 virtum
1823 2008 1835 2047 ,
1854 1949 1956 2059 quod

402 2068 453 2175 est
472 2068 510 2148 irt
533 2065 648 2148 calice
666 2124 680 2164 ,
691 2064 771 2173 fiat
784 2062 947 2172 fitnguis
971 2060 1136 2167 christi,
1156 2056 1204 2143 δ’
1218 2062 1365 2167 panis,
1396 2064 1461 2170 qui
1482 2059 1532 2165 est
1549 2062 1589 2142 in
1609 2064 1726 2170 hostia
1741 2124 1754 2165 ‚
1767 2066 1846 2173 fint
1862 2094 1954 2148 cero

401 2185 436 2267 C
433 2185 548 2291 bristi.
573 2184 706 2265 Num.
722 2212 760 2287 9.
775 2184 1014 2295 Presbyter,
1036 2208 1127 2294 sum..
1131 2176 1311 2289 potestate
1325 2180 1401 2259 Dei
1415 2238 1427 2277 ,
1437 2176 1540 2287 facit
1553 2177 1806 2289 Quinem,
1826 2185 1953 2295 quiesi
2019 2189 2026 2195 ’

397 2303 437 2384 in
464 2301 612 2403 calice,
638 2300 709 2416 effi
731 2304 931 2400 incarne,
957 2328 1041 2409 quae
1058 2296 1110 2402 est
1132 2298 1171 2377 in
1196 2292 1328 2403 hostia.
1359 2298 1487 2378 Num.
1525 2326 1588 2385 tat.
1616 2302 1849 2414 Presbyter,
1868 2333 1961 2407 cum·

393 2421 569 2528 potestate
587 2422 691 2521 Dei,
712 2448 824 2530 quom
842 2419 951 2501 Deus
973 2415 1032 2497 itti
1054 2414 1156 2497 dedit
1174 2473 1187 2513 ‚
1196 2413 1299 2523 facit
1320 2415 1529 2496 accidentia
1548 2414 1617 2531 effe
1629 2416 1714 2527 stne
1725 2418 1951 2529 substantia.

400 2539 531 2623 Num..
561 2565 624 2648 13.
645 2539 878 2653 Presbyter,
906 2536 971 2646 qui
982 2532 1088 2644 facit
1103 2532 1206 2645 qubd
1220 2533 1336 2639 panis
1355 2530 1702 2641 traafitbstarttietur
1720 2538 1758 2619 in
1771 2537 1951 2646 fitbstott-

367 2658 490 2759 :siam
518 2656 695 2767 Corporis
719 2652 976 2768 defit-Christi
995 2682 1101 2753 ,nort
1121 2650 1229 2733 addit
1244 2650 1394 2763 aliquid
1404 2654 1443 2733 in
1470 2650 1537 2732 itta
1560 2686 1578 2755 ,·
1601 2651 1642 2739 δ’
1659 2656 1851 2765 generabis
1869 2686 1955 2739 πται,

403 2776 495 2854 teria
508 2778 626 2881 panis
643 2805 717 2857 non
734 2772 946 2887 perditur(
970 2801 1053 2856 non
1077 2770 1118 2853 in
1137 2770 1309 2854 nihilum
1323 2768 1532 2853 reducitur
1545 2778 1566 2880 )
1580 2770 1654 2880 fed,
1669 2770 1954 2882 transmitteris.

403 2915 467 2973 tur
482 2895 522 2973 in
547 2894 740 2975 materiam
757 2892 934 3000 Corporis
949 2890 1099 2997 Christi.
1116 2891 1243 2972 Num.
1263 2920 1277 2970 1
1278 2912 1326 3026 y
1337 2891 1386 2969 In
1402 2891 1644 2973 sacramento
1668 2891 1822 2974 Asturis
1840 2890 1953 3001 Pres-

401 3011 511 3122 byter
533 3012 652 3093 vincit
672 3035 843 3092 naturam
858 3011 1060 3117 temporis,
1084 3008 1184 3107 loci,
1206 3008 1458 3118 quantitatis,
1480 3007 1616 3089 coboris
1631 3068 1645 3107 ,
1655 3007 1808 3117 saporis
1823 3068 1838 3109 ,
1851 3036 1952 3115 port-

403 3128 612 3241 derofitotis
631 3187 645 3227 ‚
666 3125 709 3212 fr
730 3131 849 3209 mattis
867 3162 885 3229 ,·
908 3125 948 3212 ἃ
959 3125 1063 3237 facit
1082 3128 1128 3209 de
1149 3152 1285 3207 natura
1309 3124 1411 3235 quad
1426 3123 1518 3205 vult.
1535 3126 1591 3207 Et
1614 3126 1724 3209 nunt.
1755 3154 1819 3229 19.
1832 3123 1953 3235 ,Pres-

405 3246 513 3357 byter
532 3271 662 3355 portat
683 3244 1019 3355 defient-Christum
1042 3247 1118 3355 qud
1148 3244 1256 3342 vuit,
1285 3240 1497 3350 &deponit
1520 3243 1625 3325 illurn
1649 3247 1716 3325 ubi
1732 3244 1830 3327 vult.
1948 3294 1951 3301 ·

460 3364 555 3445 XII.
580 3362 699 3445 Idem
719 3365 808 3443 Lib.
825 3363 876 3444 de
901 3392 934 3443 t.
959 3359 1000 3447 ἅ
1025 3352 1065 3447 z.
1087 3363 1299 3475 Intentiorte
1321 3360 1340 3465 (
1360 3383 1466 3443 tons..
1489 3365 1526 3440 6.
1547 3370 1569 3471 )‘.
1591 3390 1680 3471 cap.
1706 3388 1740 3471 5.
1764 3390 1855 3474 pag.
1887 3387 1956 3470 ις,

402 3478 487 3562 Tit.
512 3481 558 3562 de
580 3481 814 3590 Sacrificio,
845 3509 958 3562 num.
988 3506 1023 3590 3.
1048 3477 1105 3563 sic
1126 3480 1265 3563 scribit
1297 3511 1308 3560 ι
1343 3508 1372 3546 ιι
1389 3479 1585 3563 Amabilis
1617 3481 1724 3581 Fili,
1758 3482 1953 3563 Sentium

400 3637 425 3677 n
452 3595 618 3706 Corpus
641 3598 782 3681 Nostri
804 3598 981 3682 Domini
1007 3597 1276 3684 Iesu-Christi
1295 3598 1352 3682 est
1374 3597 1413 3679 in
1435 3596 1586 3699 Coelo,
1623 3604 1664 3683 δ’(
1689 3598 1730 3681 in
1763 3597 1956 3682 omnibus

400 3755 424 3796 n
450 3715 532 3799 aliis
556 3714 689 3816 locis,
716 3716 758 3798 in
782 3716 924 3827 quibus
949 3718 1005 3801 est
1028 3716 1309 3802 consecratum
1327 3743 1402 3826 per
1425 3717 1622 3801 virtutem
1637 3718 1887 3807 verborum
1909 3720 1952 3798 &t
1990 3744 1992 3753 ·

401 3874 427 3913 ‚s
448 3832 540 3917 ideo
561 3834 604 3919 in
623 3830 822 3919 sactificio,
845 3835 1023 3920 vincitur
1045 3856 1207 3945 tempus
1241 3840 1282 3919 ὅ(
1310 3835 1537 3945 quantitas,
1561 3856 1701 3918 motus,
1730 3840 1771 3918 &
1801 3834 1914 3919 Iocus
1933 3865 1955 3921 s

403 3991 427 4030 ss
453 3952 543 4061 quia
559 3980 642 4034 uno
666 3974 854 4063 tempore
882 3954 938 4036 est
961 3955 1003 4036 in
1026 3950 1191 4046 diverfis
1214 3954 1348 4053 locis,
1387 3954 1520 4036 &sub
1544 3952 1705 4036 modica
1726 3950 1956 4060 quantitate

404 4110 429 4149 n
453 4069 590 4157 hostiae
606 4072 662 4153 est
683 4092 772 4154 tota
798 4069 979 4156 Persona·
997 4071 1291 4171 Iesu-Christi,
1311 4100 1406 4180 quae.
1423 4074 1479 4155 est
1498 4073 1633 4177 major
1649 4072 1769 4180 quim
1792 4069 1958 4178 quanti-¹

407 4228 431 4265 „
457 4208 515 4271 tas
540 4188 676 4275 hostiae
695 4230 727 4309 ²?-
747 4221 766 4283 ‘r
783 4195 824 4274 ἃ
844 4220 955 4273 num.
978 4219 1068 4291 42²·
1096 4190 1208 4273 Nam
1222 4218 1297 4300 per
1315 4192 1395 4273 hoc
1420 4188 1536 4298 quod.
1552 4189 1676 4277 hostia
1707 4218 1790 4273 non
1814 4207 1947 4271 muta-v

406 4344 431 4385 n
452 4315 522 4387 'tur
539 4305 591 4389 de
612 4301 784 4408 coloies,
810 4336 885 4393 nec
910 4309 1161 4418 quantitate,
1189 4337 1271 4392 nec
1292 4306 1342 4392 de
1365 4310 1505 4417 sapore
1530 4369 1542 4408 ,
1567 4308 1748 4418 quamvis
1780 4306 1849 4401 sub
1886 4305 1952 4389 itta
2000 4343 2004 4348 ·

403 4464 429 4503 a
453 4418 502 4505 fit
522 4420 655 4508 forma
678 4429 720 4508 ὅ(
744 4428 910 4510 materia
934 4428 1064 4510 carnis
1092 4447 1295 4535 ,apparet
1318 4427 1357 4507 in
1381 4426 1630 4511 sensualitate
1663 4426 1743 4527 (in
1767 4425 1952 4507 sensuum

402 4582 428 4622 υ
452 4543 759 4652 perceptione)
785 4545 895 4653 qubd
918 4545 1267 4644 intettettuatitas,
1289 4570 1378 4650 qnae
1402 4542 1684 4645 credit,illam
1706 4542 1863 4649 bostiam
1882 4542 1950 4653 effi

403 4698 430 4738 n
455 4659 602 4767 Corpus
623 4658 876 4769 defit-Christi
897 4722 917 4762 ,e
937 4692 1020 4747 non
1039 4660 1088 4747 stt
1107 4663 1148 4745 in
1171 4662 1340 4747 ueritate
1366 4695 1377 4744 ι
1413 4660 1570 4771 Unde,
1591 4658 1621 4745 fi
1644 4682 1690 4745 tn
1712 4661 1825 4761 Fili,
1858 4681 1950 4744 ten-

403 4818 429 4855 „
455 4777 548 4861 tntis
570 4778 951 4883 sustentatione,
977 4779 1210 4866 recurrenti
1224 4779 1401 4863 diuinam
1422 4782 1692 4890 potestatem,
1711 4808 1800 4890 quae
1818 4778 1951 4887 potest

402 4935 435 4976 ss,
453 4892 590 4981 facere
617 4896 764 4981 omnia.
1492 4910 1495 4917 ’
2065 4896 2067 4903 ⁴

460 5013 582 5096 XIII.
610 5012 731 5098 Idem
750 5015 840 5096 Lib.
859 5015 1003 5101 Arbor.
1026 5017 1225 5101 Seiertttitr.
1247 5018 1286 5098 iit
1310 5016 1454 5100 Arbor.
1475 5018 1681 5126 Apostolic.
1706 5016 1746 5095 in
1770 5007 1957 5117 ejusdem,

405 5130 528 5217 Foliis
542 5131 667 5230 ,Tin
680 5133 734 5217 de·
748 5132 988 5241 Eutbaristia
1005 5194 1018 5233 ‚
1037 5157 1186 5245 praeter
1206 5130 1364 5235 alinfic,
1385 5164 1494 5219 num.
1518 5166 1560 5234 4.
1575 5132 1737 5233 scribit:
1763 5129 1857 5212 usn
1875 5128 1957 5213 Sa-·

407 5287 439 5333 u
458 5270 673 5456 craspento·
688 5250 837 5337 Altaris
848 5252 1101 5365 participant
1116 5254 1233 5357 Dens
1250 5259 1291 5338 ἃ
1305 5256 1444 5340 Homo
1461 5254 1500 5336 in
1520 5246 1804 5361 magnitudine,
1815 5248 1958 5359 pates-

567 5398 641 5454 om.
668 5369 780 5453 stt.
1734 5368 1782 5453 X
