5150 6667
705 706 785 797 282
851 696 897 792 V
916 696 1006 788 IN
1027 702 1072 787 D
1095 700 1118 785 I
1138 700 1194 787 C.
1256 698 1295 787 L
1319 698 1362 785 U
1384 700 1422 785 L
1445 693 1497 785 1..
1559 698 1719 815 Tota.
1741 696 1841 787 ΙΙΙ.
1875 696 2038 788 Drsr.
2070 702 2142 789 11.

699 849 778 949 de,
798 844 1050 931 Bartholom.
1071 842 1266 944 Pisanus,
1287 839 1644 944 loannes'Nider,
1668 847 1711 928 ἃ
1733 841 1901 953 plurimi
1916 842 2011 946 ulii,
2029 842 2139 930 inter
2156 870 2263 957 quos

524 1070 526 1079 Ι
699 966 951 1055 Christianus
974 966 1118 1073 Lupus
1143 963 1243 1073 qui,
1262 959 1434 1047 Differt.
1454 958 1506 1045 de
1526 960 1797 1075 Indulgentiis
1817 963 1923 1048 hanc
1947 992 2001 1050 ex
2018 960 2181 1051 Gelasio
2205 968 2262 1053 II.

699 1084 866 1171 adducit
888 1084 1072 1197 regulam
1101 1113 1110 1163 :
1137 1080 1310 1192 Quilibet
1330 1080 1510 1190 indulgen
1533 1078 1779 1192 tiafrudum
1797 1082 1971 1193 percipit
1975 1082 2090 1186 juxta
2112 1088 2264 1172 modum

693 1202 776 1319 fita
792 1203 1026 1314 poenitentia
1049 1208 1097 1283 oc
1118 1203 1330 1283 meritorum
1353 1234 1372 1302 ;
1398 1206 1440 1284 ἃ
1464 1198 1693 1284 cardinalis
1719 1198 1893 1286 Denoff.
1924 1201 2022 1287 ibid.
2052 1232 2106 1289 ex
2128 1205 2263 1290 Bonif.
2374 1278 2380 1289 .

699 1324 823 1409 VIII.
844 1323 885 1405 in
909 1320 1025 1405 Bulla
1039 1348 1116 1429 pro
1140 1317 1309 1404 lubilaeo
1317 1318 1412 1402 naec
1428 1314 1597 1402 adducit
1609 1319 1735 1403 verba
1750 1349 1760 1400 τ
1774 1317 2021 1434 unusquisque
2034 1347 2159 1409 tamen
2171 1326 2265 1433 plait
2367 1406 2372 1417 ,

700 1444 900 1529 merebitur
923 1500 937 1541 ,
959 1436 1296 1549 &indulgentiam
1319 1434 1511 1547 efficaciis
1535 1434 1813 1550 consequetur,
1844 1440 1910 1552 qui
1943 1440 2134 1549 Bafilieas
2164 1442 2265 1552 ipsos

699 1560 868 1671 amplius
892 1556 932 1645 ὁ*
953 1559 1125 1642 devotitls
1137 1554 1402 1670 frequentabit
1422 1588 1441 1661 ;
1470 1559 1511 1639 ἃ
1534 1582 1588 1640 ex
1609 1556 1826 1641 Innocent.
1851 1556 1927 1645 IV.
1951 1558 2080 1668 Quod
2100 1561 2264 1672 quisque

699 1678 998 1792 indulgentiam
1021 1676 1272 1775 lucrabitur,
1295 1674 1410 1779 juxta
1432 1676 1677 1788 quantitatem
1698 1674 1890 1786 fitbfidii,
1913 1672 2179 1763 &devotionis
2200 1680 2266 1792 af-

690 1798 856 1913 fitc‘lum.
880 1796 1018 1909 Quare
1042 1793 1126 1904 ipse
1149 1794 1320 1897 Amort,
1336 1792 1432 1879 ibid.
1458 1794 1612 1894 sebia.
1635 1790 1738 1880 hanc
1758 1795 1880 1905 ponit
1902 1791 2088 1881 Thesrm.
2106 1799 2265 1907 Frustra
2402 1831 2421 1863 ·.

692 1914 851 2031 sperant
865 1915 946 2026 fibi
967 1913 1124 1999 multllm
1149 1911 1398 2024 profuturas·
1419 1912 1709 2023 indulgentias,
1731 1916 1798 2025 qtti
1814 1917 1838 2013 ,’
1851 1940 1895 1997 ut
1912 1917 2078 2025 congrui
2094 1946 2169 2027 pro
2182 1916 2267 2028 suis

691 2037 866 2149 'peccatis
881 2030 1155 2146 statisfaciant,
1166 2030 1267 2143 finib
1287 2060 1364 2139 non
1386 2032 1608 2116 allaborant
1627 2064 1644 2115 t·
1658 2060 1783 2143 quam
1803 2030 1952 2116 diffitse
1974 2034 2146 2144 probat,
2164 2032 2268 2123 ficut

702 2159 744 2240 δι
765 2156 807 2239 in
831 2152 982 2239 Theol.
1006 2152 1164 2237 Eccles.
1185 2171 1287 2236 tom.
1316 2178 1352 2265 3.
1375 2152 1489 2234 aaa.
1513 2148 1564 2235 de
1585 2149 1849 2261 poenitontia,
1873 2149 1975 2261 disp.
2002 2156 2042 2259 7.'
2061 2152 2113 2239 de
2129 2153 2266 2240 indul-

698 2272 879 2387 gentiis,
899 2276 942 2357 ὅ(
955 2272 994 2386 §.
1026 2267 1119 2355 188.
1141 2271 1312 2356 Solvens
1331 2268 1463 2376 objec.
1478 2296 1521 2371 4
1535 2269 1624 2371 ait,
1645 2271 1703 2355 sat
1721 2270 1875 2354 multos
1891 2267 1974 2355 effe
1993 2270 2266 2386 Theologos,

700 2393 767 2507 qui
792 2393 998 2476 docuerunt
1011 2393 1155 2473 to'ntum
1180 2387 1381 2502 quemlibet
1396 2388 1449 2471 de·
1465 2387 1702 2498 indulgentia
1721 2391 1908 2497 recitare,
1931 2415 2112 2501 quantum
2123 2389 2266 2502 facun-

700 2507 989 2620 drlmfervortm
997 2506 1080 2617 sua
1094 2507 1329 2607 devotionis,
1349 2507 1494 2590 laboris
1506 2502 1764 2615 dffcultatem
1778 2507 1968 2615 ‚studium
1981 2509 2162 2611 bononem
2176 2543 2264 2622 ope·

702 2658 786 2714 rum
810 2622 851 2715 ἃ
865 2624 1147 2738 sertisfitcbionis
1166 2656 1291 2710 coram
1306 2625 1427 2708 oculis
1440 2624 1584 2711 divinis
1601 2628 1742 2741 dignus
1762 2626 1841 2735 est:
1861 2627 2038 2745 eosque,
2057 2657 2169 2715 num.
2194 2660 2265 2742 7¹·

685 2744 829 2852 uitat,
856 2742 1064 2859 promeris
1093 2770 1241 2832 eorum
1269 2744 1422 2833 verbis.

1381 2979 1444 3128 a.¹
1481 2980 1554 3067 u.

704 3168 984 3307 Doaet'Lullus
1005 3216 1045 3303 in
1067 3218 1184 3327 Prop.
1208 3241 1271 3303 12.
1292 3218 1581 3303 Humanitaten
1596 3218 1636 3301 in
1649 3215 1797 3329 Christo
1805 3217 1956 3331 perse,
1977 3216 2096 3333 idest,
2109 3253 2263 3310 ema.

990 3358 1319 3446 naturali·virtute
1340 3417 1355 3462 ,
1378 3388 1455 3444 non
1473 3356 1607 3471 [αισα
1628 3360 1815 3445 bominem
1838 3362 1979 3455 Druna

761 3575 895 3664 XLV.
919 3574 1186 3661 Duodecim&
1218 3575 1313 3675 locb
1336 3595 1503 3660 notatur
1542 3576 1629 3661 haec
1650 3573 1914 3688 propofitiot
1952 3578 2188 3662 Humanitas
2214 3579 2254 3662 in

702 3691 849 3804 Christo
871 3726 948 3782 non
971 3694 1038 3777 dat
1058 3690 1130 3808 effe
1150 3696 1387 3795 humanum,
1407 3696 1479 3777 ltoc
1491 3694 1542 3801 est
1555 3694 1740 3807 nonfitcit
1752 3700 1951 3781 bominem.
1966 3699 2080 3781 Hanc
2097 3722 2260 3806 propo·

700 3808 890 3901 sationem
914 3844 997 3900 non
1015 3812 1193 3924 explicat
1208 3812 1274 3899 hic
1295 3808 1457 3899 Censor
1477 3840 1530 3897 ex
1546 3841 1623 3924 qua
1645 3816 1872 3901 extraxerit
1889 3816 2135 3926 quaestiones
2154 3843 2265 3925 prae·

694 3932 822 4021 sentis
844 3934 962 4021 Libri
985 3934 1171 4023 Sentent.
1202 3932 1271 4017 De
1296 3931 1362 4015 illa
1377 3942 1544 4046 agemus
1567 3932 1685 4017 latius
1707 3932 1837 4037 infra,
1865 3933 1953 4020 dist.
1982 3964 2023 4037 4.
2041 3931 2195 4018 differt.
2227 3961 2261 4018 r.

699 4074 826 4161 prout
851 4074 988 4138 tamen
1005 4054 1157 4163 speltat
1178 4050 1229 4136 ad
1249 4052 1424 4136 Librum
1439 4051 1627 4137 Sentent.
1647 4050 1813 4138 videtur
1831 4050 2045 4164 desumpta
2060 4082 2113 4139 ex
2127 4054 2262 4163 quaest.

702 4195 773 4276 94.
796 4169 866 4255 ubi
889 4174 1001 4255 num.
1029 4200 1063 4257 1.
1087 4168 1265 4259 reddens
1286 4171 1431 4257 Lullus
1447 4170 1679 4272 rationem,
1707 4172 1847 4257 curin
1875 4170 2042 4257 Christo
2067 4172 2185 4257 Deus
2208 4174 2266 4257 est

699 4287 843 4390 homo',
860 4292 902 4373 δι
923 4289 1050 4374 homo
1069 4290 1126 4375 est
1143 4290 1291 4392 Deus,
1312 4294 1353 4377 ὅ(
1378 4287 1566 4376 Christus
1583 4292 1640 4375 est
1657 4290 1786 4376 homo
1802 4291 1938 4392 Deus,
1961 4291 2018 4376 ita
2037 4290 2265 4376 scribittbr

665 4468 674 4487 .
698 4408 795 4495 ratio
809 4407 891 4515 ιβ,
913 4410 1002 4521 quia
1023 4410 1191 4495 humana
1209 4412 1350 4493 natura
1366 4410 1407 4492 in
1427 4408 1572 4516 Cbrislo
1590 4439 1659 4493 net
1673 4440 1747 4518 per
1760 4408 1804 4521 fe
1821 4439 1912 4513 ‚nec
1929 4412 1977 4492 in·
1985 4413 2030 4521 se
2043 4408 2149 4521 facit
2160 4407 2259 4521 fitp-

692 4522 853 4639 pofitum
878 4527 939 4610 vel
958 4530 1143 4614 hominem
1159 4588 1173 4629 ‚
1184 4524 1258 4637 sed
1272 4528 1319 4609 de
1342 4524 1422 4636 ipstt
1434 4525 1574 4638 fortius
1595 4528 1647 4635 est
1667 4531 1778 4611 borna
1797 4532 1838 4613 in
1855 4530 1990 4614 divina
2012 4554 2181 4629 natura,
2201 4524 2265 4611 vel

698 4644 740 4731 ln
760 4645 891 4733 diuino
901 4644 1090 4758 fitppofita
1108 4708 1121 4748 ,
1140 4647 1243 4759 quad
1260 4646 1301 4729 in
1316 4642 1361 4755 se
1365 4644 1470 4756 flacit
1482 4643 1526 4756 fle
1548 4647 1734 4731 bominem
1751 4648 1797 4730 de
1819 4652 1988 4732 bumana
2006 4671 2157 4755 natura.
2176 4645 2259 4745 At,

641 4780 644 4786 ’
685 4760 747 4845 'ut
768 4785 955 4874 apertum
982 4768 1069 4867 est,
1092 4766 1134 4849 in
1157 4764 1236 4851 hoc
1259 4783 1378 4849 textu
1397 4791 1481 4847 non
1501 4786 1623 4877 negat
1644 4764 1788 4851 Lullns
1810 4766 1921 4877 quod
1937 4765 2166 4849 humanitas
2190 4762 2263 4847 det

568 4958 572 4966 .
700 4876 780 4968 erre
802 4882 1054 4987 humanum,
1077 4911 1210 4997 neque
1233 4879 1412 4973 absoluti
1442 4904 1565 4999 negat
1583 4882 1695 4998 qubd
1709 4882 1831 4972 faciat
1846 4886 2092 4986 hominem,
2115 4881 2187 4971 sed
2207 4881 2260 4966 ii-

700 5001 871 5104 mitatl‚
892 5030 1042 5113 nempe
1061 5030 1137 5112 per
1158 5002 1197 5089 se
1216 5030 1293 5089 nec
1310 5001 1352 5087 in
1371 5003 1425 5091 se.
1880 5005 1883 5011 ’
1955 5042 1959 5051 ·

757 5120 916 5210 XLVI.
939 5122 1033 5207 Ima
1052 5120 1094 5205 in
1113 5116 1264 5205 eodem
1278 5142 1396 5207 textu
1410 5120 1531 5230 paulo
1551 5141 1644 5210 ante
1668 5121 1795 5207 relata
1806 5123 1932 5207 verba
1945 5116 2135 5231 expresse
2153 5116 2260 5206 fate·

698 5252 767 5321 tur
783 5235 1079 5325 humanitatem
1097 5238 1191 5324 dare
1207 5236 1288 5324 effe
1313 5241 1560 5339 humanum,
1575 5242 1671 5325 clim
1688 5242 1838 5330 scribat
1857 5239 2067 5326 Christum
2083 5266 2162 5351 per
2179 5239 2258 5323 bu·

698 5352 937 5446 manitatem
956 5354 1037 5450 effe
1057 5358 1298 5463 hominem,
1313 5384 1407 5443 nam
1429 5356 1488 5443 ibi
1509 5356 1566 5444 ait
1588 5388 1599 5438 ε
1620 5355 1729 5442 Deus
1741 5360 1793 5469 est
1810 5361 1893 5443 cum
1912 5356 2097 5473 affirmato
2110 5381 2252 5442 natura
