5150 6667
757 798 814 905 48
904 794 1251 892 VINDIC.
1304 791 1540 882 LNJULL
1603 793 1753 882 ΤοΜ
1785 792 1882 879 111
1921 790 2149 880 Dianl.

740 962 900 1041 trem,
921 938 1003 1025 ait.
1021 938 1319 1073 omnipotentem
1351 960 1385 1020 ιι
1399 932 1514 1047 scio,
1533 965 1605 1021 nec
1622 933 1779 1057 conscia
1813 938 1883 1019 tibi
1911 935 2057 1019 tanturn
2092 960 2295 1049 atquei
2223 934 2298 1072 ipfi

755 1057 947 1173 unigenito
969 1082 1032 1140 tuo
1053 1056 1265 1141 nativitatis
1285 1054 1552 1138 inenarranda
1568 1040 1724 1162 tapetio
1744 1055 1940 1136 rationem.
1959 1050 2188 1164 smpoffibiie
2200 1058 2299 1139 enirn

756 1180 826 1261 tilii
846 1176 942 1260 nihii
963 1175 1036 1281 ιβ,
1058 1170 1282 1283 &genitum
1304 1174 1331 1255 d
1351 1197 1386 1256 te
1402 1170 1545 1255 Filium
1557 1172 1832 1280 omnipotentia
1844 1197 1919 1257 tua
1934 1174 2069 1255 virtute
2082 1202 2160 1256 non
2173 1176 2299 1256 arnhi-

753 1326 819 1405 go.
849 1293 1065 1403 Ambigenr
1085 1292 1183 1374 enim
1208 1288 1292 1393 jani
1321 1290 1605 1397 omnipotentem
1625 1312 1661 1372 ιι
1682 1291 1841 1398 negabo.
1863 1288 2013 1372 Bonum
2043 1314 2079 1373 te
2109 1291 2223 1375 etiam
2251 1321 2302 1375 ιιι
2435 1273 2448 1306 ’

377 1430 381 1442 ’
530 1486 533 1495 .
638 1442 640 1445 ·
744 1412 955 1496 ,nativitate
976 1435 1058 1491 mea
1080 1431 1114 1490 te
1128 1406 1271 1490 didici.
1265 1440 1275 1457 ·
1297 1432 1407 1519 atque
1427 1408 1474 1490 ob
1491 1406 1538 1489 id
1552 1436 1629 1492 non
1647 1406 1815 1489 invidum
1834 1430 1870 1489 ιι
1888 1407 2068 1489 bonorum
2093 1432 2240 1492 tuorum
2258 1411 2300 1492 in

757 1530 941 1640 unigeniti
966 1526 1023 1609 tui
1043 1525 1241 1607 nativitate
1261 1522 1332 1637 ιβξ
1348 1524 1508 1633 confido.
1541 1522 1688 1609 Petrus
1702 1522 1893 1636 Chiysol.
1919 1526 2109 1608 Sermon.
2133 1534 2201 1609 61.
2229 1554 2302 1613 ex·

756 1647 912 1761 plicans
935 1642 1180 1755 Symbolum
1194 1638 1323 1726 dicit:
1344 1642 1592 1749 Omnipotens
1605 1643 1725 1751 potest
1739 1643 1894 1742 omnia,·
1907 1638 1950 1726 ξι
1959 1641 2000 1751 β
1983 1646 2144 1727 tannia
2157 1645 2301 1752 potest,

757 1765 862 1879 quid
879 1760 1006 1873 inse,
1026 1756 1152 1869 exse,
1177 1754 1218 1845 ὃ·
1230 1755 1379 1869 simper
1389 1761 1528 1843 habeat
1543 1759 1685 1843 Filium
1703 1760 2024 1871 ,quisnegabit’i
2044 1759 2104 1843 D.
2122 1760 2302 1845 Ambro-

758 1880 838 1971 sius
859 1881 928 1965 lib.
949 1906 992 1979 4.
1014 1875 1066 1963 de
1089 1874 1191 1962 Fide
1223 1904 1313 1988 cap
1303 1904 1374 1976 4.
1397 1876 1646 1978 concludit,
1679 1906 1756 1961 non
1782 1874 1872 1986 sore
1900 1878 2185 1984 omnipotentem
2218 1882 2302 1963 Pa-

756 2024 848 2083 trem
863 1998 907 2134 β
926 1992 1081 2080 ‘Filium
1109 2024 1290 2105 generare
1311 2024 1386 2077 iton
1398 1998 1523 2103 potnit
1535 1993 1609 2106 sed
1624 1996 1781 2090 meavit.
1810 1991 1930 2077 Idem
1960 1992 2030 2077 lib.
2069 2018 2105 2105 5.
2136 2024 2226 2106 cap.
2261 2026 2302 2104 7.

759 2117 804 2203 Si
818 2118 995 2199 minorem
1015 2114 1214 2225 generavit
1235 2114 1343 2195 Deus
1363 2112 1535 2213 Filium,
1558 2113 1683 2197 minas
1697 2109 1896 2197 canaan.
1891 2109 1952 2221 ·β
1935 2113 2097 2196 eminus
2117 2115 2304 2217 ιοιιιιιὶιιι

758 2235 969 2318 autminus
993 2230 1142 2330 voluit,
1155 2254 1223 2315 aut
1243 2232 1511 2338 minuspotuit.
1530 2231 1610 2316 Sea
1621 2260 1690 2315 nec
1707 2230 1880 2339 infirmas
1903 2258 1973 2312 nee
1993 2230 2148 2315 invidiis
2159 2227 2303 2332 Pater,

740 2422 745 2427 ,
758 2352 847 2467 quia
869 2378 939 2435 nec
965 2290 1150 2432 voiuntai
1216 2373 1250 2431 te
1276 2348 1458 2445 Filium,
1484 2378 1554 2433 nec
1581 2347 1757 2456 potnias.
1805 2346 2009 2432 Maximus
2038 2345 2304 2436 Taurinenfis

759 2468 913 2555 Homil.
938 2463 989 2552 cle
1003 2378 1458 2600 expofitzymb.
1358 2465 1520 2553 scribit.
1538 2466 1605 2573 Εβ
1621 2492 1780 2576 namque
1791 2466 2080 2579 peririg'enitain
2111 2468 2305 2551 Deitatem

758 2588 1028 2693 omnipotens,
1065 2580 1193 2693 &per
1213 2585 1517 2692 omnipotentiam
1543 2584 1671 2667 Pater.
1704 2582 1762 2665 D.
1779 2574 2024 2694 Augustinus
2044 2583 2115 2667 lib.
2147 2610 2184 2695 30
2205 2612 2300 2669 con.

761 2701 973 2787 Maximin.
997 2728 1086 2812 cap.
1111 2696 1151 2783 8.
1176 2699 1299 2785 etiam
1321 2700 1473 2785 docet
1462 2722 1551 2786 ιιι.
1572 2698 1732 2835 sfrorfiis
1746 2701 1804 2782 ad
1816 2703 1916 2783 hunc
1931 2700 2128 2785 articulum
2146 2731 2206 2784 res
2222 2698 2306 2784 col-

760 2800 919 2929 ligitur,
941 2844 983 2901 ιιι
997 2820 1104 2901 Deus
1124 2819 1241 2902 Pater
1264 2820 1445 2929 aqualem
1466 2818 1546 2930 filii
1562 2821 1718 2928 gignere
1739 2817 1910 2918 Filium,
1926 2841 1993 2900 aut
2017 2846 2093 2929 non
2108 2820 2306 2951 potuerit,

585 2998 589 3009 .
759 2960 828 3019 aut
845 2935 1032 3019 noluerit:
1043 2935 1178 3045 sinon
1191 2939 1341 3045 pontit,
1362 2938 1567 3045 infinitus,
1561 2937 1622 3044 ·fi
1639 2935 1792 3036 noluit,
1813 2936 2001 3018 inrt'dui
1985 2935 2212 3036 invenitur3
2227 2934 2309 3019 Sed

759 3078 951 3165 urnamque
959 3050 1105 3163 fctisum
1122 3053 1200 3159 ιβ.·
1217 3055 1330 3137 Pairi
1344 3082 1433 3164 ergo
1450 3054 1535 3136 Deo
1549 3082 1660 3135 verus
1672 3054 1710 3135 F
1709 3051 1798 3135 ilius
1811 3052 1971 3164 aqualis
1983 3052 2059 3160 ιβ,·
2073 3054 2116 3135 &
2131 3079 2221 3162 cap.
2209 3076 2304 3187 .23.

763 3170 932 3254 Tantam
962 3171 1061 3253 enini
1092 3194 1256 3283 pirannis
1275 3169 1328 3277 ιβ
1346 3166 1456 3280 ipse,
1491 3167 1534 3256 ξι
1554 3169 1629 3253 tale
1648 3170 1776 3281 quasis
1795 3167 1849 3276 ιβ
1872 3166 1980 3279 ipse,
2005 3167 2045 3280 fi
2073 3198 2149 3254 non
2178 3170 2304 3278 potuit

756 3290 940 3401 gignere,
959 3287 1140 3398 quomodo
1159 3286 1268 3370 Datis
1285 3286 1372 3393 est?
1392 3289 1437 3373 Si
1452 3287 1573 3371 noluit
1591 3287 1772 3398 quomodo
1799 3288 1921 3371 bonas
1941 3288 2023 3395 ιβ.
1996 3289 2037 3351 '²
2058 3287 2118 3371 D.
2141 3282 2307 3372 Basilius
2430 3315 2433 3323 ’

760 3403 851 3487 adv.
875 3402 1051 3487 Eunoni.
1075 3401 1145 3486 lib.
1165 3431 1202 3485 ι.
1222 3401 1391 3487 scribit.
1413 3406 1458 3488 Si
1469 3403 1656 3511 honestitm
1672 3402 1713 3490 δ’
1728 3405 1900 3489 detonim
1922 3405 1974 3511 ιβ
1993 3405 2071 3488 Dei
2082 3405 2304 3491 beaumdini

760 3520 913 3605 Patrem
930 3516 1027 3632 ιβξ,
1050 3518 1231 3630 quomodo
1252 3548 1341 3652 ergo
1360 3522 1625 3630 dptineipio,
1646 3522 1749 3632 qnod
1760 3521 1914 3606 decebat
1930 3521 2037 3633 ,ipfi
2051 3552 2127 3606 non
2144 3522 2306 3607 derat?

761 3636 849 3721 Αιιι
868 3638 967 3719 enim
989 3635 1190 3721 melioris
1162 3638 1436 3745 ignorationi,
1457 3662 1530 3721 aut
1550 3641 1775 3748 impotentiae
1794 3642 1894 3723 nanc
1918 3580 2154 3749 ‹icfec'inin
2138 3670 2216 3775 torp
2340 3714 2357 3749 ,

703 3816 712 3837 .
761 3757 889 3838 bunt:
894 3754 1153 3871 ignorationi
1172 3754 1396 3867 quidemr
1359 3752 1400 3862 β
1413 3756 1542 3862 postea
1566 3757 1669 3867 quod
1691 3754 1751 3863 ιβ
1763 3758 1904 3841 ortelius
1923 3758 2157 3860 adinvenit3
2182 3761 2305 3843 iino-

443 3874 446 3881 ’
617 3954 648 3987 Ι,
688 3894 707 3925 “·
761 3872 887 3957 tentia
907 3866 993 3957 verb
1007 3871 1076 3983 ,st
1085 3869 1212 3981 jiiens
1240 3894 1352 3984 atque
1378 3871 1591 3984 intelligens
1616 3873 1721 3984 qaod
1735 3877 1914 3983 optimum
1936 3875 2027 3985 ιβ,
2060 3875 2201 3989 affequi
2225 3904 2304 3968 non

606 4008 613 4038 ⁷
755 4013 916 4099 poterat.

821 4104 901 4191 ΠΙ.
926 4108 1026 4193 Hac
1054 4106 1106 4195 de
1128 4106 1516 4218 omnipotentiae
1492 4136 1546 4194 eit
1566 4136 1645 4221 qua
1665 4111 1779 4197 citati
1804 4110 1946 4197 Patres
1968 4109 2180 4200 deducunt
2207 4110 2306 4195 Filii

762 4226 1097 4339 generationem,
1119 4223 1286 4309 adducta
1307 4226 1430 4328 sunt,
1446 4168 1550 4312 ium
1576 4229 1669 4339 quia
1686 4212 1924 4343 regulu'tei
1948 4231 2149 4342 accipitur
2170 4229 2310 4315 omni·

762 4343 979 4452 potentia,
1002 4343 1058 4428 ita
1079 4363 1125 4429 ut
1145 4370 1197 4429 ex
1217 4342 1426 4431 voluntate
1449 4366 1720 4441 exerceatur3
1752 4369 1841 4433 tuni
1862 4348 2015 4449 etiam,
2044 4371 2093 4435 ut
2118 4347 2305 4433 videntia

672 4564 678 4575 1
743 4459 912 4558 ,hoium
930 4460 1099 4568 Panum
1111 4461 1276 4575 vestigia
1291 4461 1469 4573 preffiffe
1483 4465 1650 4549 Lullum
1662 4466 1791 4566 duni
1802 4494 1856 4552 ex
1874 4466 2176 4576 omnipotentia
2192 4464 2308 4566 Dei,
2461 4457 2470 4485 ”

761 4577 943 4665 bonitate
967 4578 1113 4691 absque¹
1140 4579 1316 4682 invidia,
1342 4578 1612 4691 similibusque
1634 4582 1949 4693 perfestionibua
1969 4603 2305 4719 argumentatur,

751 4692 815 4779 ‘ad
835 4695 1146 4806 produitionem
1167 4696 1489 4785 ostendendam
1476 4730 1519 4785 in
1532 4700 1651 4795 De03
1671 4730 1726 4785 ex
1746 4730 1824 4812 qua
1838 4701 2003 4813 quidem
2015 4704 2215 4811 porcina,
2232 4703 2304 4782 lio·
2454 4736 2462 4753 ·

527 4810 533 4821 ’
621 4852 624 4864 ‚
761 4814 911 4914 nitate,
941 4816 1159 4916 voluntate,
1189 4814 1352 4928 'aliisque
1387 4814 1581 4905 similibus
1618 4818 1934 4927 perfehionibus
1973 4838 2311 4931 argumentantur

763 4926 834 5015 alil
844 4929 984 5019 Patres
1007 4932 1217 5019 hPetavio
1235 4935 1359 5045 usque
1373 4935 1477 5020 adn.
1502 4966 1565 5021 io.
1587 4935 1757 5022 adduai.
1780 4938 1942 5024 Verum
1953 4940 2011 5023 est
2023 4958 2162 5023 tamen
2178 4936 2310 5047 ipsum

763 5046 979 5135 Petavium
1007 5078 1118 5137 nuni.
1144 5079 1182 5154 9.
1206 5050 1375 5154 elicere,
1403 5051 1513 5164 qubd
1532 5054 1726 5190 pleraque
1742 5077 1931 5143 veterum
1947 5057 2039 5141 loca
2058 5050 2227 5161 nihilsm
2241 5080 2311 5137 ac·

763 5162 850 5277 cipi
870 5168 1092 5277 prohibet,
1116 5168 1177 5254 ita
1191 5191 1238 5254 ut
1261 5171 1450 5257 exsensu
1471 5167 1746 5282 opinioneque
1773 5174 1840 5257 sua
1860 5202 1949 5258 non
1963 5174 2207 5284 loquantur,
2236 5166 2312 5255 sed

764 5310 818 5369 eo
839 5306 1034 5420 utantur,
1059 5286 1170 5399 q'uod
1192 5282 1291 5379 dant
1308 5287 1563 5391 Adversarii,
1587 5312 1707 5397 atque
1730 5318 1784 5375 ex
1809 5291 1992 5399 ipsorum
2012 5318 2085 5375 eos
2120 5283 2310 5372 oratione

764 5401 1038 5497 convincant.
1064 5406 1249 5511 Verum,
1265 5426 1314 5493 ut
1330 5406 1516 5495 aitnuin.
1545 5434 1609 5491 ι..ι
1627 5406 1752 5493 Extra
1774 5407 2061 5521 controversiam
2081 5432 2131 5491 ιιι
2145 5398 2310 5537 persese

2251 5521 2310 5603 ita
