5150 6667
713 788 716 797 ,
804 714 889 807 288
948 714 1250 806 urunrc.
1295 698 1710 797 nurnron.
1755 703 1852 791 111.
1897 704 2057 789 nm.
2106 703 2215 788 111.
2318 782 2324 793 ,
2420 671 2422 678 '

806 858 887 948 effe
904 860 1018 942 illum
1039 857 1260 943 terminum
1276 874 1471 939 creaturae
1486 849 1712 949 rationalis,
1736 850 1804 957 qui
1823 846 1937 931 estin
1953 844 2088 928 altiori
2107 849 2148 929 ἃ
2170 843 2363 931 nobiliori

807 978 940 1091 gradu,
957 975 1174 1075 bonitatis,
1195 968 1508 1085 magnitudinis,
1527 974 1609 1053 &c
1628 1026 1642 1067 ,
1662 966 1731 1076 qui
1745 964 1868 1077 possit
1889 962 1970 1050 elle
1993 964 2102 1047 inter
2122 963 2296 1067 Deum,
2321 971 2361 1050 dc
2389 1027 2394 1042 .

808 1098 980 1194 beatos,
1001 1096 1092 1203 quia
1115 1094 1247 1205 agitur
1269 1092 1320 1174 de
1342 1088 1535 1173 fruitione
1546 1085 1663 1186 Dei,
1686 1087 1763 1193 qut
1784 1078 2000 1195 perficitur
2025 1102 2210 1167 creatura
2231 1086 2359 1169 ratio-

693 1244 700 1260 ·
806 1214 908 1296 nalis
930 1273 943 1312 ,
968 1210 1100 1299 &fic
1120 1211 1245 1295 debet
1266 1206 1347 1293 esse
1368 1210 1408 1290 in
1428 1206 1572 1311 maiori
1592 1204 1776 1288 bonitate
1797 1262 1811 1303 ,
1844 1200 2123 1314 magnitudine
2141 1206 2295 1305 ,⁷&c.;
2320 1208 2360 1289 dc

808 1332 902 1441 quia
925 1331 989 1415 hic
1014 1334 1120 1413 acius
1140 1320 1360 1435 habet'pro
1388 1324 1548 1429 objesto
1571 1321 1704 1432 ipsum
1725 1321 1869 1407 Deum
1892 1380 1909 1423 ,
1943 1321 2000 1403 est
2025 1320 2132 1403 inter
2153 1320 2300 1405 Deum
2319 1327 2358 1406 ἃ

809 1446 990 1547 Beatos,
1014 1477 1059 1531 ac
1087 1444 1258 1555 proinde
1280 1503 1294 1543 ,
1322 1442 1379 1526 est
1401 1442 1443 1523 in
1479 1439 1612 1533 altiori
1630 1437 1758 1551 gradu
1778 1439 2006 1539 bonitatis,
2038 1438 2359 1551 magnitudinis,

797 1572 918 1675 ¹dec,
942 1565 1011 1676 qui
1028 1564 1150 1675 poffit
1164 1560 1244 1646 else
1260 1561 1368 1644 inter
1386 1559 1530 1642 Deum
1545 1558 1750 1641 &Beatos
1769 1589 1781 1649 ;
1805 1558 1918 1667 quia,
1930 1553 1969 1640 ·s1
1990 1587 2074 1641 non
2085 1553 2241 1641 effetiu
2253 1587 2358 1668 prae·

811 1683 920 1768 disto
941 1682 1096 1795 gradu,
1120 1708 1194 1764 nec
1214 1680 1333 1762 Deus
1355 1674 1489 1787 pollet
1512 1674 1716 1786 quiescere
1740 1704 1837 1761 cum
1867 1677 1946 1759 suis
1976 1676 2201 1759 rationibus
2223 1676 2267 1759 in
2288 1678 2357 1763 stu>

810 1802 980 1901 effectu,
999 1800 1041 1883 id
1068 1802 1124 1885 est
1147 1799 1330 1883 creatura
1351 1796 1536 1879 rationali
1553 1805 1786 1904 ‚⁰quatenus
1806 1792 1881 1904 ipsa
1900 1822 1983 1878 non
2002 1792 2212 1878 conferret
2231 1795 2357 1902 majus

681 1943 690 1967 t
810 1928 851 2004 dc
876 1919 1051 2003 nobilius
1074 1917 1449 2026 complementum
1470 1942 1546 1997 nec
1569 1910 1766 2012 effestus,
1783 1912 1825 1995 id
1842 1912 1898 1999 est
1921 1932 2106 1997 creatura
2127 1913 2357 2016 rationalis,

809 2039 851 2119 in
879 2038 976 2122 Deo
1001 2066 1077 2121 nec
1097 2036 1138 2119 in
1158 2035 1234 2118 suis
1257 2031 1488 2132 attributis,
1512 2052 1707 2141 quatenus
1726 2039 1911 2115 creatura
1925 2030 2137 2125 ⁸rationalis
2157 2060 2243 2115 non
2263 2029 2357 2117 asse·

811 2176 1005 2264 queretur
1022 2156 1186 2252 Deum,
1210 2180 1286 2235 nec
1300 2152 1398 2234 Deo
1419 2148 1624 2235 frueretur
1646 2150 1792 2256 maiori
1805 2154 1847 2233 δι
1870 2149 2063 2233 nobiliori
2075 2148 2272 2236 fmitione
2286 2212 2300 2252 ,
2313 2155 2354 2235 tc

810 2271 866 2357 lic
891 2274 1001 2357 illam
1023 2273 1153 2358 adhuc
1173 2267 1431 2385 appetendo,
1454 2295 1537 2352 non
1558 2268 1783 2382 quiesceret
1801 2268 1842 2351 in
1858 2268 1957 2353 Deo
1975 2296 2051 2354 nec
2075 2268 2119 2352 in
2140 2268 2228 2375 ejus
2245 2268 2357 2353 attri-

812 2392 937 2475 butis.
1312 2460 1319 2465 .
1994 2472 2002 2481 ,
2040 2412 2064 2453 -'

869 2511 946 2591 ΧΙ.
978 2507 1158 2595 Proinde
1183 2507 1282 2591 dum
1305 2506 1406 2590 dicit
1431 2505 1607 2606 ans,
1639 2504 1750 2616 qubd
1772 2502 1847 2589 nisr
1868 2504 2011 2589 fruitio
2038 2501 2141 2589 esset
2163 2505 2204 2591 in
2227 2504 2357 2591 altiori

809 2626 938 2739 gradu
952 2627 1148 2711 bonitatis
1167 2686 1181 2726 ‚
1200 2625 1517 2739 magnitudinis,
1533 2628 1636 2725 δια,
1659 2654 1734 2709 nec
1750 2625 1868 2708 Deus
1886 2622 2020 2734 posset
2037 2625 2244 2733 quiescere
2263 2652 2356 2708 cum

809 2746 888 2827 suis
912 2746 1135 2829 rationibus
1150 2745 1191 2829 in
1211 2746 1285 2829 suo
1300 2742 1449 2828 effestu
1463 2803 1476 2844 ,
1492 2770 1568 2827 nec
1584 2740 1751 2827 effeslus
1774 2742 1816 2825 in
1834 2742 1961 2842 Dec,
1983 2744 2123 2827 necin
2145 2745 2224 2828 suis
2247 2743 2357 2845 attri-

809 2862 918 2946 butis
934 2905 950 2965 ,·
966 2891 1043 2974 per
1059 2862 1241 2975 quiescere
1255 2863 1379 2945 Deum
1392 2866 1439 2944 in
1454 2843 1526 2972 fiio
1545 2861 1677 2971 efficio
1696 2873 1779 2947 non
1798 2861 1990 2973 intelligit
2008 2864 2141 2945 auum
2161 2863 2248 2947 Dei
2260 2862 2356 2945 bea·
2387 2930 2392 2943 .

809 2976 999 3082 tificum,
1021 2984 1088 3066 vel
1108 2982 1195 3067 Dei
1219 2982 1400 3091 quietem
1419 2980 1491 3062 suo
1509 2978 1613 3063 aflul
1629 2975 1823 3063 beatifico
1845 3008 2073 3080 annexam,
2091 2979 2160 3065 sed
2177 2982 2359 3090 quietem
2459 3051 2460 3062 Ν

656 3156 683 3207 ,¹
810 3099 920 3211 illam
943 3102 1212 3185 extrinsecam
1239 3159 1253 3199 ,
1287 3127 1408 3208 quam
1431 3098 1554 3182 babet
1579 3096 1622 3179 in
1649 3118 1834 3183 creatura
1854 3099 2042 3183 rationali
2061 3100 2205 3192 beata;
2237 3099 2361 3186 Deus
2459 3165 2460 3176 Ν

792 3218 920 3301 enim
942 3217 1135 3329 perillam
1153 3216 1420 3317 fiuitionem,
1447 3244 1540 3300 eam
1561 3216 1747 3325 complet
1769 3220 1811 3313 ce
1833 3213 1999 3326 perficit
2020 3219 2175 3301 summa
2191 3214 2357 3326 perfec-

808 3335 950 3437 tione,
983 3337 1097 3443 cujus
1122 3338 1206 3446 ipsa
1223 3336 1279 3420 est
1302 3362 1459 3446 capax,
1480 3332 1531 3417 ad
1552 3332 1830 3424 differentiam
1849 3336 2136 3445 pe-rfestionis,
2155 3364 2275 3446 quam
2302 3335 2364 3418 ei·

770 3506 780 3515 -
800 3454 904 3535 -dem
929 3454 1113 3554 confert,
1137 3453 1234 3537 dum
1250 3456 1306 3537 est
1325 3454 1366 3537 in
1383 3452 1477 3552 via,
1499 3458 1776 3561 &propterea
1791 3453 1834 3536 in
1850 3482 1901 3538 ea
1918 3456 2040 3538 Deus
2057 3475 2155 3537 tunc
2171 3453 2362 3561 quiescit,
2459 3531 2460 3538 Ν

810 3564 901 3677 quia
916 3570 1113 3653 summam
1128 3570 1450 3679 perfectionem,
1470 3570 1584 3676 cuius
1602 3574 1659 3653 est
1673 3600 1828 3681 capax,
1845 3570 1979 3655 eidem
1997 3569 2169 3654 confert.
2194 3570 2364 3659 Praete·
2459 3587 2460 3668 J

723 3753 733 3773 s
807 3714 879 3772 rea
896 3687 938 3773 in
961 3688 1116 3800 gloria,
1137 3685 1240 3771 licut
1263 3688 1674 3794 creaturarationalis
1697 3692 1836 3775 unitur
1855 3691 1982 3791 Deo,
2003 3688 2058 3772 ita
2078 3688 2199 3773 Deus
2218 3689 2366 3773 unitur
2459 3705 2460 3786 ξ

808 3825 1028 3899 creatura,
1052 3806 1106 3890 ita
1123 3827 1169 3890 ut
1187 3805 1295 3889 ultra
1312 3832 1396 3889 non
1413 3802 1628 3916 proficiat,
1646 3812 1688 3891 ἂ
1712 3805 1767 3893 fic
1791 3809 1832 3891 in
1845 3836 1893 3893 ea
1908 3793 2243 3924 Deusguie‘scit,
2266 3808 2359 3916 quia
2395 3808 2403 3813 ’

807 3924 850 4006 in
873 3952 922 4008 ea
944 3946 1185 4035 permanet,
1209 3931 1248 4009 ὅ(
1272 3946 1563 4035 permanenter
1585 3924 1628 4007 in
1653 3953 1708 4033 ea⁸
1726 3922 1912 4011 beatifice
1935 3948 2146 4026 morano,
2169 3926 2228 4009 ita
2247 3923 2362 4033 quod

808 4042 919 4141 illam
933 4045 1071 4129 evexit
1085 4044 1135 4127 ad
1148 4044 1440 4130 summumsuae
1462 4042 1723 4152 perfessionis
1736 4044 1935 4157 gradum:
1956 4043 2066 4129 unde
2084 4044 2126 4127 in
2140 4042 2361 4142 fautione,

810 4182 995 4267 creatura
1008 4163 1177 4271 quiescit
1192 4162 1232 4245 in
1246 4162 1345 4246 Deo
1360 4161 1522 4272 ejusque
1541 4162 1855 4271 perfectionibus
1870 4184 1918 4247 ut
1938 4166 1979 4247 in
1996 4164 2066 4248 suo
2080 4161 2239 4267 objeslo
2262 4162 2359 4245 bea·

725 4356 736 4377 ‚
809 4272 925 4361 tifico
948 4278 1107 4379 meus
1129 4278 1225 4364 vere
1245 4281 1413 4390 quiescit
1444 4282 1485 4362 in
1508 4302 1730 4382 creatura,
1763 4312 1847 4377 non
1869 4282 2037 4393 quidem
2058 4280 2172 4365 utin
2195 4278 2360 4385 objestc

808 4395 1070 4482 beatitudinis
1089 4458 1103 4498 ,
1124 4398 1198 4482 sed
1217 4420 1263 4483 ut
1283 4400 1325 4482 in
1347 4399 1555 4505 subiecto,
1576 4398 1689 4508 qnod
1710 4397 1934 4486 beatificat.
1958 4449 1962 4454 ·

866 4516 968 4597 XII.
1001 4518 1094 4600 Hoc
1117 4538 1231 4627 patet
1253 4519 1294 4601 in
1314 4516 1468 4601 'eodem
1489 4538 1642 4618 textu,
1661 4519 1736 4602 ubi
1754 4521 1812 4603 ait
1835 4519 1978 4603 Lullus
2001 4549 2016 4599 t
2047 4516 2146 4600 Frui
2171 4514 2224 4623 esi
2240 4516 2358 4597 eriam

808 4630 905 4734 (est
927 4632 1119 4743 quidem,
1143 4664 1227 4721 non
1248 4634 1476 4720 formaliter
1499 4635 1606 4736 ,sed
1623 4637 1886 4722 connotativd
1907 4643 1952 4721 ἃ
1986 4628 2361 4746 praesuppofitive)
2414 4636 2418 4642 ’

805 4752 1000 4862 aqualiter
1019 4758 1130 4838 assur
1149 4755 1364 4837 divinarum
1387 4756 1647 4863 digniranun,
1673 4760 1740 4867 qui
1755 4756 1960 4863 coadjuvat
1976 4752 2198 4865 finitionem
2215 4778 2363 4860 poten-

802 4870 870 4953 rica
883 4874 1097 4978 appetitiva
1120 4869 1161 4955 δ’
1182 4870 1473 4981 cognoscitivae,
1490 4870 1706 4985 influendo,
1727 4874 1975 4973 auradendo,
1993 4869 2035 4957 ἃ
2045 4870 2278 4980 perficiendo
2291 4898 2364 4952 cc·
2459 4943 2460 4959 Ν

803 5010 865 5069 rur
882 5017 1024 5070 earum.
1074 4986 1158 5071 ch-
1177 4988 1279 5073 dicit
1307 4987 1546 5074 fruitionem
1567 4988 1651 5075 esse
1671 4996 1804 5076 aslum
1826 4991 2055 5076 divinarum
2077 4988 2362 5102 dignitatum,
2459 5039 2460 5069 Ν

795 5102 846 5187 id
863 5106 920 5188 est
937 5102 1018 5189 else
1041 5102 1227 5189 effeuive.
1248 5108 1302 5191 ab
1317 5114 1407 5192 astu
1428 5105 1656 5191 divinarum
1671 5109 1942 5221 dignitatum,
1955 5110 2024 5195 vel
2036 5110 2361 5218 praelupponere

801 5222 932 5331 ipsum
950 5226 1113 5326 adum,
1134 5245 1336 5333 quatenus
1348 5227 1468 5312 Deus
1490 5255 1586 5310 canu
1603 5226 1686 5311 saris
1703 5228 1972 5342 dignitatibus
1989 5227 2160 5326 influit,
2187 5226 2364 5309 attrahit

803 5342 844 5423 d<
854 5336 1023 5455 perficit
1037 5346 1171 5459 astum
1183 5342 1414 5437 intellectu
1425 5353 1468 5432 ἃ
1485 5344 1709 5533 voluntatis
1734 5378 1747 5431 c
1768 5347 1850 5464 qud
1868 5352 1957 5433 anu
1971 5344 2175 5524 fruitionis
2183 5340 2362 5577 5312&ss
