5150 6667
880 560 895 608 0
1618 558 1626 575 .

367 770 371 781 Ι
617 664 1075 804 DISSER‘s's
1132 670 1170 756 1.
1231 664 1544 782 §.tt-n
1728 704 1813 797 359

253 821 279 927 (
300 807 445 904 melib's
464 814 506 901 in
529 812 710 899 Manusc.
736 808 841 896 &de
860 811 932 919 isin
954 812 1190 929 dillinfsione
1203 810 1225 916 >
1238 812 1380 899 dic‘lnm
1401 818 1453 927 est
1473 798 1514 903 in
1535 820 1669 907 arbore
1682 826 1820 911 tuma-1

250 939 339 1029 nali
357 966 471 1049 ,qun
483 933 536 1043 est
551 962 630 1016 una
641 960 740 1040 pars
757 931 905 1013 arboris
916 926 1101 1037 scientim

316 1056 472 1141 XXXI.
504 1048 698 1136 Tandem
737 1046 951 1132 concludit
978 1047 1122 1131 Lullus
1145 1079 1156 1129 r
1183 1076 1209 1116 u
1229 1048 1447 1136 Ostensum
1470 1056 1528 1139 est
1551 1083 1686 1171 ergo,
1717 1084 1820 1171 quo·

254 1218 285 1262 n
311 1171 439 1260 modo
462 1172 504 1255 in
527 1170 706 1277 subjeim
717 1167 856 1251 oritur
873 1186 1116 1277 peccatum,
1139 1166 1251 1277 quud
1276 1170 1335 1252 est
1355 1166 1459 1253 adeo
1484 1169 1669 1259 dissimile
1684 1176 1817 1279 Deo,

256 1334 288 1377 υ
310 1290 591 1405 qubdnullam
608 1287 826 1374 entitatem
838 1285 1003 1371 realiter
1017 1285 1041 1391 ’(
1060 1282 1195 1371 realem
1209 1286 1252 1369 in
1266 1287 1449 1373 Manusc.
1468 1296 1489 1401 )
1508 1288 1659 1394 habet,
1679 1312 1825 1381 utnon

251 1455 286 1496 ω
312 1412 459 1496 habeat
472 1408 647 1517 aliquam
664 1403 973 1489 fimilitudinem
994 1403 1104 1505 Dei,
1123 1404 1221 1513 quia
1244 1401 1274 1488 fi
1296 1405 1466 1491 haberet
1487 1467 1501 1510 ,
1523 1406 1605 1515 jam
1624 1405 1725 1495 esset
1741 1410 1822 1496 bo-

226 1518 233 1529 ’
257 1573 289 1615 22
314 1560 438 1629 num,
460 1526 504 1611 in
539 1546 738 1637 quantum
760 1523 872 1607 illam
902 1524 1071 1608 haberet
1094 1520 1438 1626 similitudinem,
1466 1525 1537 1611 sed
1554 1530 1612 1639 est
1633 1526 1690 1615 ita
1710 1526 1824 1615 diffi-

176 1710 186 1729 2
257 1690 289 1732 n
316 1648 412 1733 mile
435 1645 565 1746 Deo,
588 1642 700 1753 qubd
718 1642 844 1756 magis
867 1640 928 1725 illi
941 1641 1126 1725 dissimile
1146 1638 1225 1726 effe
1242 1672 1326 1726 non
1348 1644 1506 1751 potesta
1533 1649 1574 1730 δι
1596 1644 1716 1732 Deus
1731 1676 1826 1758 per.

259 1810 290 1856 o
316 1765 446 1852 mittit
463 1763 597 1875 ipsum
625 1780 843 1872 peccatum
857 1756 962 1860 else,
985 1783 1032 1842 ut
1051 1761 1179 1873 magis
1201 1789 1277 1870 per
1300 1762 1430 1870 ipsum
1449 1762 1577 1871 pollrt
1592 1766 1822 1878 cognosci,

259 1929 291 1969 n
317 1884 467 1985 recoli,
482 1880 655 1993 &diligi
669 1880 717 1963 ab
735 1878 904 1991 Angelis
925 1884 965 1962 dr
981 1878 1215 1963 bominibus
1233 1909 1244 1970 ;
1262 1880 1459 1989 quoniam
1470 1880 1558 1967 haec
1582 1883 1673 1989 est(
1692 1880 1745 1969 fic
1760 1886 1824 1971 vi-

262 2046 293 2087 η
320 2004 443 2087 detur
476 1994 717 2113 corrigenda
753 1996 881 2081 editio
918 1996 1249 2107 Panormitam)
1287 2025 1432 2111 magna
1463 2000 1644 2112 cognitio
1674 2000 1825 2087 divina

260 2164 293 2207 κ
316 2120 538 2219 bonitatis,
555 2115 871 2230 magnitudinis,
890 2117 1127 2227 potestatis,
1147 2120 1190 2201 de
1204 2116 1377 2201 aliorum
1393 2117 1828 2233 attributorum,qubd

264 2282 294 2323 n
317 2239 439 2323 Deus
467 2237 632 2321 sciverit
653 2257 873 2346 peccatum
899 2232 983 2321 effe
1014 2234 1206 2335 futurum,
1225 2234 1270 2318 iu
1293 2234 1473 2341 subja-uo
1494 2256 1658 2329 creatos
1680 2244 1722 2321 δε
1743 2238 1829 2351 ipse

266 2399 295 2441 n
320 2356 520 2443 creaverit
545 2355 768 2462 subjestum
795 2354 865 2438 tali
884 2353 1011 2445 modo
1034 2414 1048 2455 ‚
1072 2353 1184 2472 qubd
1204 2352 1403 2439 innocens
1426 2356 1484 2441 est
1505 2357 1529 2437 l
1554 2376 1750 2465 peccato,
1780 2377 1828 2442 ut
1941 2416 1946 2424 ·

267 2517 296 2559 n
322 2464 441 2585 supra
475 2470 749 2588 fignificatum
774 2476 866 2564 ests
900 2470 996 2557 &fi
1030 2502 1118 2559 non
1139 2469 1352 2558 creavisset
1379 2472 1605 2579 subjedtum
1638 2474 1829 2583 peccati,
1949 2496 1952 2509 ·

269 2591 297 2677 is
321 2594 477 2679 scilicet
493 2593 708 2677 hominem
730 2650 744 2692 ,
772 2598 841 2675 aut
860 2590 1064 2704 Angelum
1078 2651 1092 2694 ,
1103 2612 1152 2706 ut
1165 2612 1385 2701 peccatum
1399 2620 1484 2676 non
1497 2588 1598 2677 esset
1619 2586 1829 2695 futurum,

270 2755 300 2796 n
325 2710 425 2797 effer
435 2711 702 2825 ligatadivina
716 2713 890 2821 potestas
911 2702 1456 2810 &suavnluntas,&s1'cde
1478 2709 1546 2793 sua
1558 2706 1768 2813 bonitate,
1787 2718 1831 2797 ὃ(

269 2873 300 2915 υ
326 2829 376 2916 de
396 2831 480 2915 aliis
502 2830 580 2914 suis
608 2830 833 2920 attributis3
861 2827 974 2938 quod
995 2831 1052 2914 est
1079 2826 1323 2939 impofflbile
1347 2887 1362 2928 ,
1385 2832 1428 2911 ἀ
1460 2849 1605 2913 contra
1630 2824 1833 2915 infinitam

269 2992 299 3035 n
324 2952 567 3061 potestatem
589 2948 736 3031 divinae
757 2947 985 3047 bonitatis,
1011 2947 1263 3048 voluntatis,
1285 2951 1367 3032 dcc.
1392 2944 1563 3045 Creavit
1589 2973 1690 3061 ergo
1712 2949 1831 3034 Deus

172 3094 186 3115 ·
269 3060 300 3153 ti
321 3069 568 3182 Angelos&
589 3066 776 3151 homines
788 3071 863 3168 5&
881 3066 1000 3153 scivit
1017 3062 1092 3153 fibi
1105 3090 1250 3153 cavere
1273 3064 1428 3153 dcausa
1441 3066 1621 3176 peccati,
1637 3072 1679 3152 dt
1692 3065 1828 3153 facere

271 3229 301 3273 ι,
328 3189 367 3272 se
383 3186 711 3272 innocentem-n

288 3398 299 3421 .
335 3305 513 3410 XXXII.
546 3304 778 3414 Antequam
802 3302 855 3390 ad
875 3302 1146 3414 principalem
1170 3297 1387 3387 deveniam
1423 3298 1734 3405 difficultatem,
1754 3330 1832 3391 no⁴
1865 3308 1870 3319 '

275 3422 450 3510 tandum
471 3423 555 3523 est,
571 3422 724 3505 nullam
737 3421 820 3530 jam
839 3413 922 3507 effe
941 3421 1187 3508 circaverba
1201 3442 1367 3521 notata,
1388 3449 1500 3504 num.
1520 3450 1586 3527 27.
1600 3422 1746 3533 quibus
1769 3424 1834 3507 vi-

258 3542 433 3640 detur,
455 3541 622 3638 Lullum
634 3539 807 3628 asserere
829 3539 943 3652 quod
958 3542 999 3626 in
1013 3540 1180 3627 homine
1194 3542 1252 3624 est
1272 3540 1450 3624 liberum
1467 3540 1700 3643 arbitrium,
1721 3539 1836 3653 quod

276 3690 363 3749 non
385 3661 441 3745 est
455 3683 670 3763 creatum,
692 3658 793 3745 dum
808 3660 865 3745 ibi
879 3659 1052 3762 dicitur,
1072 3657 1184 3769 qubd
1202 3660 1335 3768 potest
1353 3656 1507 3771 eligere
1532 3658 1684 3743 malum
1697 3690 1770 3769 per
1784 3661 1837 3743 li-

278 3783 406 3893 berem
427 3782 772 3890 arbitrium,quod
790 3811 867 3863 non
881 3780 1138 3885 esterearunr:
1161 3805 1278 3876 nam,
1292 3776 1549 3877 utvidimus,
1564 3806 1646 3861 non
1662 3777 1717 3862 ita
1739 3778 1836 3861 scri·

276 3898 416 3999 bitur,
434 3900 477 3980 in
498 3918 620 3980 textu
640 3896 775 3993 Lulli,
798 3894 867 3977 secl
885 3925 956 4002 per
976 3898 1133 3979 liberunt
1150 3895 1349 3979 arbitrium
1372 3895 1475 4007 quod
1498 3924 1573 3977 uon
1599 3896 1651 4003 est
1669 3918 1833 3978 creatum

199 4020 209 4037 '
261 4016 339 4100 nd
351 4015 492 4097 malum
514 4071 531 4113 ,
560 4031 681 4121 atque
704 4010 789 4113 ita,
809 4013 879 4098 vel
900 4014 1265 4122 aequivocationem
1283 4011 1416 4123 pallus
1441 4012 1498 4097 est
1515 4012 1673 4098 Censor
1696 4010 1737 4097 in
1757 4042 1839 4097 nos

260 4132 420 4223 ,tendis
439 4128 549 4215 Lulli
565 4130 729 4233 verbis,
759 4132 827 4216 vel
840 4131 910 4242 qui
927 4159 981 4217 ex
1002 4130 1186 4220 Censore
1201 4133 1327 4233 verba
1349 4129 1581 4242 descripfit,
1599 4160 1644 4217 ac
1663 4130 1837 4243 proinde

285 4252 370 4359 jam
391 4278 476 4335 non
497 4252 553 4334 est
570 4248 684 4334 locus
702 4249 910 4363 cogitandi
940 4251 1108 4336 Lullmn
1130 4251 1334 4353 adstruere
1359 4252 1401 4335 in
1423 4250 1590 4337 homine
1607 4250 1690 4335 duo
1713 4251 1840 4336 libera

262 4446 266 4453 .
286 4367 455 4454 arbitria
467 4397 617 4471 ,unum
631 4388 815 4453 creatum
827 4396 904 4479 per
916 4369 1028 4481 quod
1040 4371 1158 4484 eligit
1172 4372 1350 4466 bonum;
1369 4375 1412 4456 de
1434 4369 1639 4456 aliudnon
1658 4393 1841 4455 creatum

286 4516 366 4600 per
382 4485 496 4598 quod
508 4488 622 4601 eligit
642 4488 815 4590 malum,
829 4487 900 4573 sed
925 4518 1054 4575 unum
1075 4492 1236 4576 tantdm
1255 4518 1412 4602 ponere
1433 4489 1610 4576 liberum
1626 4489 1840 4575 arbitrium
1926 4500 1929 4524 ¹

287 4612 332 4693 ἀ
352 4607 524 4692 liberam
543 4607 812 4693 voluntatem.

349 4723 547 4810 XXXIII.
580 4728 731 4828 Nunc,
745 4755 846 4842 ergo
859 4724 1110 4813 reflectendo
1119 4728 1293 4816 relatum
1308 4747 1467 4813 textum
1479 4726 1656 4828 constat,
1672 4728 1841 4839 scopum

267 4844 435 4947 -Lulli,
456 4846 568 4954 jtrxta
583 4842 837 4956 propofitam
857 4848 1149 4957 quaestionem,
1179 4846 1285 4948 else,
1301 4843 1548 4956 qubd,licdt
1565 4844 1840 4946 Deuscausa·

265 5048 270 5064 ,
290 4964 398 5049 verit
428 4966 470 5049 in
502 4961 657 5050 mundo
681 4962 1020 5053 dissimilitudines
1046 4970 1113 5055 vel
1144 4966 1323 5053 defectus
1346 4967 1576 5067 naturales,
1599 4992 1681 5048 non
1705 4987 1843 5056 tamen

292 5082 449 5171 creavit
470 5103 714 5195 peccatum}
740 5083 836 5195 quia
858 5086 956 5172 licet
971 5091 1171 5174 creaverit
1194 5085 1405 5171 hominem
1426 5084 1544 5196 eique
1568 5081 1727 5169 dederit
1741 5084 1842 5168 bbe-

266 5265 273 5277 .
292 5228 383 5289 ram
398 5202 685 5306 voluntatem,
703 5231 780 5315 per
802 5231 922 5316 quam
939 5206 1067 5291 homo
1085 5225 1252 5317 peccat,
1266 5232 1350 5291 non
1364 5226 1583 5315 propterea
1598 5201 1719 5288 Deus
1733 5222 1846 5288 creat

296 5324 343 5411 dt
364 5323 498 5413 causat
513 5342 732 5437 peccatum
754 5355 765 5409 ε
787 5324 872 5411 imb
893 5353 948 5411 ex
966 5326 1047 5413 hoc
1066 5322 1290 5411 ostenditur
1310 5352 1456 5438 magna
1470 5318 1684 5432 sapientia,
1701 5327 1743 5409 dr
1764 5322 1859 5447 iso-⁶
