5150 6667
598 694 821 788 D.I‘S·S
849 690 1047 787 ΒΗΤ.
1108 696 1164 786 V'.
1225 694 1263 810 ξ.
1327 696 1466 787 ΙΙΙ,
1752 724 1806 812 .·9’ς

306 840 439 927 XXX.
470 840 551 925 Hic
590 833 737 928 mbdus
761 827 1011 925 discurrendi
1041 837 1091 930 de
1128 839 1362 925 hominibus
1392 838 1557 925 videtur
1584 842 1809 929 conformis

249 961 380 1048 niodo
398 956 653 1051 discurrendi
669 956 724 1042 de
745 958 912 1070 Angelis
932 1018 946 1058 ,
964 970 1088 1067 quem
1110 956 1233 1041 habet
1247 958 1307 1042 D.
1326 957 1472 1071 Angel.
1495 988 1529 1040 1.
1549 982 1652 1068 part.
1674 966 1813 1075 qrraest.

249 1085 320 1161 da.
340 1100 417 1163 art.
445 1084 483 1161 6.
507 1077 579 1162 ubi
593 1077 803 1187 quaeritur.
824 1077 961 1160 Utnrm
975 1075 1125 1185 Ange'li
1130 1075 1214 1186 first
1225 1074 1411 1186 consecuti
1427 1078 1809 1189 gratiumfecundtlm

251 1201 499 1306 quantitatem
518 1195 675 1307 ficantur
692 1192 951 1278 naturalium?
966 1196 1023 1279 Et
1043 1195 1084 1279 in
1108 1220 1283 1304 corpore
1307 1195 1363 1295 ita
1384 1194 1546 1281 scribit:
1573 1224 1599 1263 ιι
1617 1196 1810 1306 Respon-

250 1354 277 1395 ι,
301 1312 651 1416 deodicendum,
673 1312 786 1424 quod
806 1312 1047 1398 rationabile
1066 1314 1151 1412 est,
1173 1309 1284 1423 quod
1299 1312 1713 1427 secundlrmgradum
1737 1344 1810 1399 na·

80 1511 82 1552 r
202 1518 208 1555 ι
250 1472 283 1523 n
300 1436 496 1519 trualimn
520 1431 691 1545 Angelis
722 1430 816 1515 data
832 1434 925 1515 sunt
948 1428 1056 1515 dona
1072 1432 1294 1543 gratiarum
1316 1492 1330 1534 ,
1352 1436 1395 1515 dc
1417 1430 1613 1543 perfectio
1634 1434 1810 1519 beatitu-

80 1558 82 1654 ζ
250 1589 276 1639 22
302 1550 409 1637 dinis
426 1584 439 1633 τ
456 1553 572 1660 cujus
590 1548 758 1661 quidem
779 1550 887 1633 ratio·
905 1577 959 1635 ex
972 1545 1131 1633 duobus
1153 1550 1284 1658 accipi
1303 1554 1465 1659 potest;
1489 1552 1623 1660 primb
1643 1550 1811 1661 quidem
1861 1602 1864 1609 ,

80 1665 82 1762 ἶ
249 1708 276 1748 e
302 1665 357 1757 e'x
381 1694 497 1781 parte
516 1665 641 1781 ipsius
664 1668 772 1768 Dei,
788 1669 859 1777 qui
875 1694 953 1778 per
974 1666 1164 1751 ordinem
1191 1668 1270 1750 suae
1286 1668 1494 1779 sapientia
1514 1668 1692 1754 diversos
1713 1698 1808 1783 gra·
1913 1760 1916 1766 Δ

80 1837 82 1866 .
250 1826 278 1867 υ
303 1787 379 1872 dus
403 1789 446 1873 in
480 1789 680 1901 Angelica
701 1808 844 1870 natura
868 1785 1107 1885 constituit,
1139 1780 1241 1869 sicut
1271 1809 1409 1871 autem
1438 1808 1579 1871 natura
1613 1787 1810 1901 Angelica

252 1944 278 1985 ι,
303 1906 409 1992 falia
429 1908 487 1991 est
506 1909 528 1989 l
549 1906 645 1991 Deo
668 1904 913 2018 ad'gratiam
937 1902 1289 1992 &beatitudinem
1307 1902 1665 2015 consequendam,
1687 1906 1743 1991 ita
1766 1912 1811 1993 dt

251 2062 280 2103 n
305 2022 457 2138 gradus
479 2045 628 2109 natura
649 2022 860 2135 Angelicae
882 2019 934 2110 ad
952 2020 1132 2107 diversos
1145 2020 1295 2136 gradus
1313 2024 1453 2137 gratiae
1472 2029 1514 2108 dc
1540 2010 1681 2136 g'loriae
1697 2022 1809 2109 ordi-
1934 2024 1936 2036 '
2033 2033 2036 2041 ’

79 2191 80 2198 ¹
253 2180 282 2227 υ
308 2143 392 2229 nati
413 2141 601 2228 videnmr
624 2173 635 2225 t
662 2140 837 2251 utpote,
869 2136 901 2224 s1
923 2135 1148 2226 aedificator
1169 2139 1327 2250 lapides.
1347 2142 1452 2251 polit
1477 2140 1529 2227 ad
1560 2142 1809 2228 constituen-

128 2336 135 2342 .
253 2298 281 2349 η
305 2260 404 2347 dum
438 2261 637 2365 domum,
668 2287 722 2345 ex
756 2261 836 2344 hoc
866 2259 956 2367 ipso
988 2256 1275 2370 quodaliquos
1299 2260 1570 2371 pulchrius&
1596 2260 1809 2347 decentius
1859 2330 1861 2335 ,

224 2391 278 2458 'n
302 2400 433 2491 aptat,
452 2379 616 2465 videtur
646 2405 718 2462 eos
741 2377 793 2461 ad
818 2377 1113 2461 ordinatiorem
1139 2378 1476 2487 partem-domils
1505 2376 1693 2463 ordinare
1717 2408 1728 2459 :
1752 2374 1810 2464 stc
1913 2406 1914 2411 ‘
1958 2372 1968 2383 ’

80 2491 81 2498 ‘
253 2534 281 2575 tt
304 2498 430 2611 igitur
451 2498 651 2598 videtur,
681 2495 794 2606 quod
818 2496 939 2579 Deus
961 2495 1171 2607 Angelos,
1198 2522 1300 2604 quos
1327 2496 1480 2581 altioris
1508 2518 1660 2599 natiuae
1681 2495 1810 2599 fecit,

252 2653 279 2695 n
303 2614 355 2699 ad
377 2620 532 2723 majora
555 2615 779 2729 gratiarum
813 2614 922 2720 dona
944 2618 987 2697 dt
1010 2613 1572 2723 ampliorembeatitudinem
1593 2614 1822 2701 ordinavit·

252 2770 282 2811 n
306 2734 484 2817 secundb
506 2753 674 2844 apparet
697 2732 809 2817 idem
839 2761 893 2816 ex
908 2752 1025 2841 parte
1045 2728 1170 2843 ipsius
1191 2731 1367 2846 Angeli;
1399 2764 1482 2819 non
1501 2732 1613 2819 enim
1625 2726 1811 2845 Angelus

253 2888 283 2929 η
307 2854 364 2936 eli
387 2849 705 2959 composimsex
724 2848 889 2935 diversis
912 2849 1065 2935 naturis
1084 2910 1099 2952 ,
1120 2872 1168 2935 ut
1187 2850 1395 2937 inclinatio
1408 2853 1532 2937 unius
1552 2850 1704 2937 naturae
1729 2851 1810 2933 im-

223 3000 281 3061 ,n
305 2991 452 3079 petum
484 2970 649 3052 alterius
680 2967 879 3079 impediat
911 2989 981 3053 aut
1020 2965 1347 3070 retardet2,s1cut
1369 2970 1410 3053 in
1437 2968 1605 3055 homine
1627 2967 1811 3069 accidit,

253 3126 280 3166 tt
307 3089 455 3197 inquo
488 3106 624 3170 motus
654 3087 908 3172 intellettivae
929 3086 1056 3197 partis
1079 3147 1093 3189 ,
1119 3107 1189 3172 aut
1212 3086 1464 3188 retardatur,
1487 3106 1556 3198 aut
1587 3085 1811 3194 impeditur
1932 3084 1938 3091 ’

254 3243 282 3285 22
308 3234 363 3289 ex
395 3203 657 3289 inclinatione
685 3204 813 3315 partis
840 3201 1061 3299 len'fitivae3
1082 3202 1242 3315 quando
1266 3226 1405 3303 autem
1426 3234 1511 3289 non
1541 3205 1599 3289 est
1633 3201 1813 3315 aliquid,
1859 3254 1861 3260 ,

79 3401 80 3410 .
248 3362 284 3403 n
308 3322 423 3432 quod
452 3322 636 3407 retardet
664 3342 735 3406 aut
756 3320 980 3433 impediat,
1009 3344 1152 3408 natura
1169 3325 1211 3409 in
1238 3322 1283 3407 id
1304 3320 1526 3410 seeundum
1549 3342 1681 3407 totam
1699 3323 1815 3407 suam

79 3471 80 3474 Ι
253 3442 507 3525 „virtutem
541 3461 760 3534 moveturt
785 3446 827 3526 ἀ
850 3439 945 3526 ideo
971 3441 1210 3534 rationabile
1236 3444 1303 3530 *est
1320 3434 1483 3555 ,''qubd
1524 3440 1674 3553 Angeli
1691 3500 1704 3540 ,
1724 3437 1815 3549 *qui

79 3593 80 3596 Ν
241 3599 280 3661 ‚22
305 3558 526 3644 meliorem
542 3580 726 3646 naturam
749 3560 1005 3663 habuerunt,
1023 3560 1150 3648 etiam
1162 3560 1308 3647 fortiis
1325 3564 1368 3647 tc
1386 3558 1590 3680 efficacius
1605 3556 1656 3642 ad
1669 3557 1839 3651 Deurn,

254 3679 395 3795 »lunt
409 3674 625 3763 convertit
644 3679 724 3762 hoc
748 3678 873 3763 etiam
893 3680 935 3763 in
962 3678 1198 3765 hominibus
1219 3678 1452 3793 contingit,
1472 3678 1564 3789 quia
1590 3675 1820 3763 seeundum
1897 3764 1901 3771 ,

79 3813 81 3850 l
255 3836 283 3876 η
305 3796 581 3881 intentionem
613 3794 893 3881 converfionis
919 3797 962 3883 in
990 3796 1134 3883 Deum
1152 3796 1271 3881 datm
1291 3797 1421 3903 major
1438 3796 1566 3911 gratia
1584 3800 1626 3881 dc
1647 3794 1777 3908 gloria
1797 3850 1812 3895 ,

255 3954 283 3995 υ
306 3914 415 3999 unde
446 3912 611 4006 videno
629 3975 644 4017 ,
665 3913 779 4025 quod
799 3914 982 4027 Angeli,
1002 3917 1072 4025 qui
1096 3916 1325 4014 habuerunt
1352 3915 1568 4002 meliorem
1598 3933 1811 4023 naturam,

250 4072 284 4115 ω
306 4033 538 4117 habuerunt
558 4033 650 4143 plus
676 4032 729 4117 de
750 4033 880 4146 gratia
895 4038 938 4119 ἀ
955 4033 1099 4145 gloria.
1130 4077 1157 4117 n
1591 4034 1598 4043 '
1653 4078 1655 4083 ·

835 4139 843 4156 δ

85 4129 91 4152 ’
266 4216 271 4223 .
314 4150 469 4237 XXXI.
501 4151 690 4246 Resolvit
707 4150 843 4260 itaque
867 4150 926 4234 D.
950 4152 1168 4256 Thomas,
1188 4150 1299 4264 quad
1319 4151 1468 4265 Angeli
1490 4146 1699 4237 consecuti
1721 4148 1813 4237 sunt
1900 4256 1903 4267 1

79 4287 81 4294 “
254 4268 431 4383 gratiam
448 4275 489 4355 or
511 4270 686 4383 gloriam
697 4268 926 4359 „secundam
957 4270 1226 4383 quantitatem
1243 4272 1514 4371 naturalium,
1541 4269 1664 4355 itaut
1684 4264 1814 4371 major
1844 4356 1847 4363 ,

253 4390 299 4470 in
318 4407 463 4473 nattua
493 4387 693 4495 majorem
708 4388 897 4473 habuerit
922 4389 1096 4503 gratiam
1115 4395 1156 4475 dr
1183 4390 1375 4502 gloriam
1392 4416 1475 4473 non
1498 4388 1677 4471 obstante
1702 4380 1814 4493 quod

79 4547 81 4614 ;
254 4524 333 4590 art.
355 4533 400 4607 4.
418 4507 607 4607 resolvit,
628 4504 738 4617 'quod
755 4506 905 4619 Angeli
922 4526 1162 4594 uenierunt
1179 4511 1291 4592 suam
1312 4503 1609 4611 beatitudinem
1626 4504 1697 4587 sub
1717 4528 1814 4615 gra-

255 4624 350 4724 tia,
372 4625 415 4709 in
451 4652 531 4735 qua
554 4623 721 4711 fuerunt
747 4626 920 4717 creatis
942 4647 1063 4737 atque
1103 4627 1160 4713 ita
1182 4627 1307 4711 etiam
1333 4654 1417 4709 non
1451 4643 1683 4735 repugnat,
1704 4616 1816 4731 quod

256 4742 389 4830 homo
426 4744 574 4829 habeat
611 4739 786 4857 gloriain
825 4739 1010 4831 similiter
1034 4746 1412 4856 proportionatam,
1426 4740 1506 4825 suae
1535 4761 1724 4841 natttrae,
1760 4738 1819 4821 ita

79 4863 81 4942 l
256 4882 397 4947 amen
416 4883 465 4946 ut
496 4891 588 4949 eam
604 4863 718 4972 prius
749 4884 966 4948 mereatur.
995 4861 1107 4947 Nam
1128 4863 1233 4947 ratio
1261 4861 1320 4944 D.
1350 4857 1526 4945 Ttnmae
1548 4888 1625 4981 pro
1647 4856 1821 4969 Angelis.

78 4969 82 5048 l
187 5071 191 5081 ,
256 4976 371 5064 idem
390 4976 524 5095 arguit
543 4982 587 5065 in
621 4980 855 5066 hominibus
878 5023 902 5082 ,·
927 4982 1024 5066 clun
1042 4982 1185 5065 anima
1204 4982 1392 5065 humanae
1428 4978 1553 5063 etiam
1573 4974 1652 5061 fint
1670 4992 1814 5061 creatae
1936 5026 1948 5043 -

78 5177 80 5194 ,
259 5096 310 5181 ad
328 5099 506 5219 gloriam
523 5160 537 5202 ,
554 5104 612 5198 ,dc
633 5099 753 5183 Deus
780 5099 839 5185 eis
861 5098 1055 5214 indiderit
1074 5098 1299 5184 nauualem
1326 5096 1556 5209 appetitum
1579 5097 1656 5179 suaa
1684 5090 1814 5177 beati-

260 5214 412 5302 tudinis
437 5248 450 5311 ς
479 5223 522 5304 dc
546 5218 672 5303 etiam
696 5218 792 5329 quia
816 5246 870 5307 ex
895 5215 954 5302 D.
987 5218 1154 5304 Thoma
1189 5242 1225 5326 3.
1249 5218 1298 5300 P.
1322 5216 1455 5326 quaest.
1482 5243 1520 5319 9.
1543 5232 1616 5296 art.
1644 5206 1754 5292 abd
1778 5230 1815 5315 3.

262 5330 363 5423 vino
375 5336 500 5456 beata
523 5338 581 5427 est
601 5334 827 5429 secundam
846 5358 1032 5436 nanuum
1051 5335 1251 5438 hominis,
1265 5337 1306 5419 in
1328 5357 1508 5444 quantun
1522 5326 1668 5437 scilicet
1676 5322 1819 5437 secun·-
