<?xml version="1.0" encoding="UTF-8"?>
<!DOCTYPE html PUBLIC "-//W3C//DTD XHTML 1.0 Transitional//EN"
    "http://www.w3.org/TR/xhtml1/DTD/xhtml1-transitional.dtd">
<html xmlns="http://www.w3.org/1999/xhtml" xml:lang="en" lang="en">
 <head>
  <title>
</title>
<meta http-equiv="Content-Type" content="text/html;charset=utf-8" />
  <meta name='ocr-system' content='tesseract 3.04.00' />
  <meta name='ocr-capabilities' content='ocr_page ocr_carea ocr_par ocr_line ocrx_word'/>
</head>
<body>
  <div class='ocr_page' id='page_1' title='image "./vindiciaelullia00pasqgoog_0372.png"; bbox 0 0 5150 6667; ppageno 0'>
   <div class='ocr_carea' id='block_1_1' title="bbox 506 567 1865 719">
    <p class='ocr_par' dir='ltr' id='par_1_1' title="bbox 506 567 1865 719">
     <span class='ocr_line' id='line_1_1' title="bbox 506 567 1865 719; baseline 0.003 -31"><span class='ocrx_word' id='word_1_1' title='bbox 506 619 510 625; x_wconf 94' lang='lat'>·</span> <span class='ocrx_word' id='word_1_2' title='bbox 644 584 1523 709; x_wconf 57' lang='lat' dir='ltr'>presumsit-111.</span> <span class='ocrx_word' id='word_1_3' title='bbox 1750 567 1865 719; x_wconf 75' lang='lat'>&#39;361</span> 
     </span>
    </p>
   </div>
   <div class='ocr_carea' id='block_1_2' title="bbox 267 728 2016 854">
    <p class='ocr_par' dir='ltr' id='par_1_2' title="bbox 267 728 2016 854">
     <span class='ocr_line' id='line_1_2' title="bbox 267 728 2016 854; baseline -0.005 -15"><span class='ocrx_word' id='word_1_4' title='bbox 267 737 273 747; x_wconf 42' lang='lat'><strong><em>⁶</em></strong></span> <span class='ocrx_word' id='word_1_5' title='bbox 318 748 446 839; x_wconf 83' lang='lat' dir='ltr'>h&#39;omo</span> <span class='ocrx_word' id='word_1_6' title='bbox 464 805 479 848; x_wconf 96' lang='lat'>,</span> <span class='ocrx_word' id='word_1_7' title='bbox 499 742 617 836; x_wconf 80' lang='lat' dir='ltr'>uruit</span> <span class='ocrx_word' id='word_1_8' title='bbox 633 743 803 841; x_wconf 88' lang='lat' dir='ltr'>Lullus,</span> <span class='ocrx_word' id='word_1_9' title='bbox 821 728 937 854; x_wconf 83' lang='lat' dir='ltr'>eligit</span> <span class='ocrx_word' id='word_1_10' title='bbox 958 761 1175 850; x_wconf 88' lang='lat' dir='ltr'>peccatum</span> <span class='ocrx_word' id='word_1_11' title='bbox 1193 765 1270 847; x_wconf 90' lang='lat' dir='ltr'>per</span> <span class='ocrx_word' id='word_1_12' title='bbox 1282 739 1393 823; x_wconf 92' lang='lat' dir='ltr'>suam</span> <span class='ocrx_word' id='word_1_13' title='bbox 1410 742 1579 829; x_wconf 82' lang='lat' dir='ltr'><strong>liberam</strong></span> <span class='ocrx_word' id='word_1_14' title='bbox 1592 744 1870 851; x_wconf 85' lang='lat' dir='ltr'>voluntatem,</span> <span class='ocrx_word' id='word_1_15' title='bbox 2013 810 2016 817; x_wconf 72' lang='lat'>,</span> 
     </span>
    </p>
   </div>
   <div class='ocr_carea' id='block_1_3' title="bbox 236 848 1874 1219">
    <p class='ocr_par' dir='ltr' id='par_1_3' title="bbox 236 848 1874 1219">
     <span class='ocr_line' id='line_1_3' title="bbox 236 848 1871 977; baseline -0.006 -19"><span class='ocrx_word' id='word_1_16' title='bbox 236 894 239 899; x_wconf 82' lang='grc'><strong>’</strong></span> <span class='ocrx_word' id='word_1_17' title='bbox 320 872 405 956; x_wconf 88' lang='lat' dir='ltr'>non</span> <span class='ocrx_word' id='word_1_18' title='bbox 422 887 560 951; x_wconf 86' lang='lat' dir='ltr'>tamen</span> <span class='ocrx_word' id='word_1_19' title='bbox 578 863 659 947; x_wconf 92' lang='lat' dir='ltr'>hoc</span> <span class='ocrx_word' id='word_1_20' title='bbox 678 858 784 945; x_wconf 64' lang='lat' dir='ltr'>&#39;facit</span> <span class='ocrx_word' id='word_1_21' title='bbox 810 885 887 968; x_wconf 89' lang='lat' dir='ltr'>per</span> <span class='ocrx_word' id='word_1_22' title='bbox 904 848 1080 963; x_wconf 84' lang='lat' dir='ltr'>liberum</span> <span class='ocrx_word' id='word_1_23' title='bbox 1107 854 1320 951; x_wconf 85' lang='lat' dir='ltr'>arbitrium</span> <span class='ocrx_word' id='word_1_24' title='bbox 1339 872 1521 945; x_wconf 85' lang='lat' dir='ltr'>creatum</span> <span class='ocrx_word' id='word_1_25' title='bbox 1544 922 1557 964; x_wconf 95' lang='lat'>,</span> <span class='ocrx_word' id='word_1_26' title='bbox 1584 862 1701 949; x_wconf 85' lang='lat' dir='ltr'>idest</span> <span class='ocrx_word' id='word_1_27' title='bbox 1721 924 1734 966; x_wconf 99' lang='lat'>,</span> <span class='ocrx_word' id='word_1_28' title='bbox 1771 894 1871 977; x_wconf 90' lang='lat' dir='ltr'>qua-</span> 
     </span>
     <span class='ocr_line' id='line_1_4' title="bbox 322 971 1872 1082; baseline -0.004 -8"><span class='ocrx_word' id='word_1_29' title='bbox 322 1008 441 1075; x_wconf 82' lang='lat' dir='ltr'><strong>tenus</strong></span> <span class='ocrx_word' id='word_1_30' title='bbox 466 984 523 1069; x_wconf 89' lang='lat' dir='ltr'>est</span> <span class='ocrx_word' id='word_1_31' title='bbox 552 998 765 1079; x_wconf 86' lang='lat' dir='ltr'>creatum,</span> <span class='ocrx_word' id='word_1_32' title='bbox 781 976 850 1061; x_wconf 91' lang='lat' dir='ltr'>vel</span> <span class='ocrx_word' id='word_1_33' title='bbox 875 976 918 1059; x_wconf 82' lang='lat' dir='ltr'>vi</span> <span class='ocrx_word' id='word_1_34' title='bbox 944 981 986 1059; x_wconf 74' lang='grc' dir='ltr'>ἃ</span> <span class='ocrx_word' id='word_1_35' title='bbox 1010 974 1267 1058; x_wconf 89' lang='lat' dir='ltr'>ordinatione</span> <span class='ocrx_word' id='word_1_36' title='bbox 1291 975 1627 1082; x_wconf 82' lang='lat' dir='ltr'>suae&#39;creationis,</span> <span class='ocrx_word' id='word_1_37' title='bbox 1648 983 1715 1067; x_wconf 91' lang='lat' dir='ltr'>vel</span> <span class='ocrx_word' id='word_1_38' title='bbox 1737 971 1872 1068; x_wconf 67' lang='lat' dir='ltr'>ob‘sul</span> 
     </span>
     <span class='ocr_line' id='line_1_5' title="bbox 321 1090 1874 1219; baseline -0.005 -27"><span class='ocrx_word' id='word_1_39' title='bbox 321 1102 615 1219; x_wconf 71' lang='lat' dir='ltr'>perfectionem</span> <span class='ocrx_word' id='word_1_40' title='bbox 630 1101 652 1180; x_wconf 75' lang='lat' dir='ltr'>h</span> <span class='ocrx_word' id='word_1_41' title='bbox 665 1093 764 1182; x_wconf 89' lang='lat' dir='ltr'>Deo</span> <span class='ocrx_word' id='word_1_42' title='bbox 778 1121 855 1204; x_wconf 90' lang='lat' dir='ltr'>per</span> <span class='ocrx_word' id='word_1_43' title='bbox 868 1092 1120 1179; x_wconf 88' lang='lat' dir='ltr'>creationem</span> <span class='ocrx_word' id='word_1_44' title='bbox 1137 1090 1413 1201; x_wconf 85' lang='lat' dir='ltr'>impertitam,</span> <span class='ocrx_word' id='word_1_45' title='bbox 1429 1095 1520 1205; x_wconf 90' lang='lat' dir='ltr'>quia</span> <span class='ocrx_word' id='word_1_46' title='bbox 1538 1094 1592 1180; x_wconf 89' lang='lat' dir='ltr'>fic</span> <span class='ocrx_word' id='word_1_47' title='bbox 1608 1099 1725 1182; x_wconf 73' lang='lat' dir='ltr'>unice</span> <span class='ocrx_word' id='word_1_48' title='bbox 1741 1100 1874 1185; x_wconf 91' lang='lat' dir='ltr'>tendit</span> 
     </span>
    </p>
   </div>
   <div class='ocr_carea' id='block_1_4' title="bbox 323 1207 2163 1326">
    <p class='ocr_par' dir='ltr' id='par_1_4' title="bbox 323 1207 2163 1326">
     <span class='ocr_line' id='line_1_6' title="bbox 323 1207 2163 1326; baseline -0.004 -17"><span class='ocrx_word' id='word_1_49' title='bbox 323 1222 374 1309; x_wconf 77' lang='lat' dir='ltr'>a&#39;d</span> <span class='ocrx_word' id='word_1_50' title='bbox 389 1224 548 1307; x_wconf 91' lang='lat' dir='ltr'>bonum</span> <span class='ocrx_word' id='word_1_51' title='bbox 571 1213 672 1315; x_wconf 57' lang='lat' dir='ltr'>{sed</span> <span class='ocrx_word' id='word_1_52' title='bbox 692 1242 768 1326; x_wconf 89' lang='lat' dir='ltr'>per</span> <span class='ocrx_word' id='word_1_53' title='bbox 784 1213 887 1312; x_wconf 92' lang='lat' dir='ltr'>hoc,</span> <span class='ocrx_word' id='word_1_54' title='bbox 911 1215 932 1294; x_wconf 76' lang='lat' dir='ltr'>h</span> <span class='ocrx_word' id='word_1_55' title='bbox 954 1239 1035 1320; x_wconf 93' lang='lat' dir='ltr'>quo</span> <span class='ocrx_word' id='word_1_56' title='bbox 1055 1211 1183 1294; x_wconf 93' lang='lat' dir='ltr'>homo</span> <span class='ocrx_word' id='word_1_57' title='bbox 1204 1207 1411 1319; x_wconf 87' lang='lat' dir='ltr'><strong>dependet</strong></span> <span class='ocrx_word' id='word_1_58' title='bbox 1433 1271 1447 1314; x_wconf 96' lang='lat'>,</span> <span class='ocrx_word' id='word_1_59' title='bbox 1471 1211 1724 1321; x_wconf 89' lang='lat' dir='ltr'>inquantum</span> <span class='ocrx_word' id='word_1_60' title='bbox 1743 1217 1799 1299; x_wconf 88' lang='lat' dir='ltr'>est</span> <span class='ocrx_word' id='word_1_61' title='bbox 1822 1216 1872 1303; x_wconf 86' lang='lat' dir='ltr'>de</span> <span class='ocrx_word' id='word_1_62' title='bbox 2022 1230 2023 1233; x_wconf 67' lang='lat'>‘</span> <span class='ocrx_word' id='word_1_63' title='bbox 2159 1216 2163 1223; x_wconf 82' lang='grc'><strong>’</strong></span> 
     </span>
    </p>
   </div>
   <div class='ocr_carea' id='block_1_5' title="bbox 199 1322 2025 3219">
    <p class='ocr_par' dir='ltr' id='par_1_5' title="bbox 199 1322 2025 3219">
     <span class='ocr_line' id='line_1_7' title="bbox 323 1322 1874 1447; baseline -0.006 -20"><span class='ocrx_word' id='word_1_64' title='bbox 323 1340 452 1427; x_wconf 86' lang='lat' dir='ltr'>nihilo</span> <span class='ocrx_word' id='word_1_65' title='bbox 467 1334 689 1447; x_wconf 69' lang='lat' dir='ltr'>prodimus</span> <span class='ocrx_word' id='word_1_66' title='bbox 703 1393 716 1433; x_wconf 95' lang='lat'>,</span> <span class='ocrx_word' id='word_1_67' title='bbox 731 1332 778 1417; x_wconf 82' lang='lat' dir='ltr'>id·</span> <span class='ocrx_word' id='word_1_68' title='bbox 792 1332 849 1415; x_wconf 89' lang='lat' dir='ltr'>est</span> <span class='ocrx_word' id='word_1_69' title='bbox 862 1390 876 1429; x_wconf 98' lang='lat'>,</span> <span class='ocrx_word' id='word_1_70' title='bbox 890 1322 967 1413; x_wconf 84' lang='lat' dir='ltr'>·se&#39;d</span> <span class='ocrx_word' id='word_1_71' title='bbox 984 1356 1064 1439; x_wconf 64' lang='lat' dir='ltr'>per⁴</span> <span class='ocrx_word' id='word_1_72' title='bbox 1077 1328 1156 1411; x_wconf 92' lang='lat' dir='ltr'>hoc</span> <span class='ocrx_word' id='word_1_73' title='bbox 1176 1327 1287 1436; x_wconf 85' lang='lat' dir='ltr'>quhd</span> <span class='ocrx_word' id='word_1_74' title='bbox 1314 1331 1370 1413; x_wconf 89' lang='lat' dir='ltr'>est</span> <span class='ocrx_word' id='word_1_75' title='bbox 1384 1328 1604 1435; x_wconf 72' lang='lat' dir='ltr'>defedivus</span> <span class='ocrx_word' id='word_1_76' title='bbox 1619 1392 1632 1434; x_wconf 93' lang='lat'>,</span> <span class='ocrx_word' id='word_1_77' title='bbox 1648 1332 1775 1441; x_wconf 84' lang='lat' dir='ltr'>qualis</span> <span class='ocrx_word' id='word_1_78' title='bbox 1790 1336 1874 1437; x_wconf 88' lang='lat' dir='ltr'>est,</span> 
     </span>
     <span class='ocr_line' id='line_1_8' title="bbox 322 1444 1875 1569; baseline -0.004 -26"><span class='ocrx_word' id='word_1_79' title='bbox 322 1462 377 1546; x_wconf 85' lang='lat' dir='ltr'>eh</span> <span class='ocrx_word' id='word_1_80' title='bbox 400 1451 562 1569; x_wconf 83' lang='lat' dir='ltr'>quiaest</span> <span class='ocrx_word' id='word_1_81' title='bbox 575 1451 626 1537; x_wconf 89' lang='lat' dir='ltr'>de</span> <span class='ocrx_word' id='word_1_82' title='bbox 641 1451 800 1550; x_wconf 84' lang='lat' dir='ltr'>nihilo,</span> <span class='ocrx_word' id='word_1_83' title='bbox 822 1449 919 1535; x_wconf 79' lang='lat' dir='ltr'>elim</span> <span class='ocrx_word' id='word_1_84' title='bbox 933 1444 988 1531; x_wconf 88' lang='lat' dir='ltr'>fic</span> <span class='ocrx_word' id='word_1_85' title='bbox 1006 1446 1059 1529; x_wconf 88' lang='lat' dir='ltr'>ad</span> <span class='ocrx_word' id='word_1_86' title='bbox 1080 1445 1279 1547; x_wconf 86' lang='lat' dir='ltr'>nihilum,</span> <span class='ocrx_word' id='word_1_87' title='bbox 1309 1448 1501 1557; x_wconf 80' lang='lat' dir='ltr'>quale-est</span> <span class='ocrx_word' id='word_1_88' title='bbox 1520 1471 1757 1558; x_wconf 88' lang='lat' dir='ltr'>peccatum,</span> <span class='ocrx_word' id='word_1_89' title='bbox 1781 1470 1875 1537; x_wconf 56' lang='lat' dir='ltr'>ten-⁴·</span> 
     </span>
     <span class='ocr_line' id='line_1_9' title="bbox 327 1563 1879 1680; baseline -0.003 -19"><span class='ocrx_word' id='word_1_90' title='bbox 327 1575 395 1661; x_wconf 88' lang='lat' dir='ltr'>dat</span> <span class='ocrx_word' id='word_1_91' title='bbox 413 1572 701 1672; x_wconf 68' lang='lat' dir='ltr'>&amp;inclinetur</span> <span class='ocrx_word' id='word_1_92' title='bbox 715 1572 836 1652; x_wconf 90' lang='lat' dir='ltr'>Hunc</span> <span class='ocrx_word' id='word_1_93' title='bbox 859 1565 1017 1650; x_wconf 91' lang='lat' dir='ltr'>sensum</span> <span class='ocrx_word' id='word_1_94' title='bbox 1031 1564 1158 1677; x_wconf 83' lang='lat' dir='ltr'>magis</span> <span class='ocrx_word' id='word_1_95' title='bbox 1171 1563 1345 1663; x_wconf 82' lang='lat' dir='ltr'>ostendit</span> <span class='ocrx_word' id='word_1_96' title='bbox 1359 1566 1596 1677; x_wconf 87' lang='lat' dir='ltr'>exemplum</span> <span class='ocrx_word' id='word_1_97' title='bbox 1610 1569 1633 1651; x_wconf 74' lang='lat' dir='ltr'>h</span> <span class='ocrx_word' id='word_1_98' title='bbox 1646 1568 1879 1680; x_wconf 86' lang='lat' dir='ltr'>Lullopro·</span> 
     </span>
     <span class='ocr_line' id='line_1_10' title="bbox 327 1678 1875 1805; baseline -0.005 -26"><span class='ocrx_word' id='word_1_99' title='bbox 327 1690 535 1805; x_wconf 80' lang='lat' dir='ltr'>postcum,</span> <span class='ocrx_word' id='word_1_100' title='bbox 558 1681 792 1801; x_wconf 85' lang='lat' dir='ltr'>quia,s1cut</span> <span class='ocrx_word' id='word_1_101' title='bbox 813 1683 916 1793; x_wconf 89' lang='lat' dir='ltr'>lapis</span> <span class='ocrx_word' id='word_1_102' title='bbox 929 1686 983 1768; x_wconf 93' lang='lat' dir='ltr'>ob</span> <span class='ocrx_word' id='word_1_103' title='bbox 1003 1683 1061 1767; x_wconf 84' lang='lat' dir='ltr'>sul</span> <span class='ocrx_word' id='word_1_104' title='bbox 1080 1678 1429 1791; x_wconf 87' lang='lat' dir='ltr'>ponderolitatem</span> <span class='ocrx_word' id='word_1_105' title='bbox 1448 1683 1639 1775; x_wconf 68' lang='lat' dir='ltr'>tenditsin</span> <span class='ocrx_word' id='word_1_106' title='bbox 1658 1706 1875 1789; x_wconf 84' lang='lat' dir='ltr'>centrum,</span> 
     </span>
     <span class='ocr_line' id='line_1_11' title="bbox 223 1800 1881 1915; baseline -0.003 -19"><span class='ocrx_word' id='word_1_107' title='bbox 223 1815 226 1819; x_wconf 72' lang='grc'><em>’</em></span> <span class='ocrx_word' id='word_1_108' title='bbox 327 1813 384 1896; x_wconf 89' lang='lat' dir='ltr'>ita</span> <span class='ocrx_word' id='word_1_109' title='bbox 404 1811 558 1906; x_wconf 89' lang='lat' dir='ltr'>homo,</span> <span class='ocrx_word' id='word_1_110' title='bbox 582 1805 715 1891; x_wconf 81' lang='lat' dir='ltr'>ablatb</span> <span class='ocrx_word' id='word_1_111' title='bbox 728 1804 780 1888; x_wconf 81' lang='lat' dir='ltr'>eh</span> <span class='ocrx_word' id='word_1_112' title='bbox 803 1800 915 1912; x_wconf 87' lang='lat' dir='ltr'>quod</span> <span class='ocrx_word' id='word_1_113' title='bbox 934 1802 1058 1886; x_wconf 90' lang='lat' dir='ltr'>habet</span> <span class='ocrx_word' id='word_1_114' title='bbox 1082 1800 1104 1884; x_wconf 77' lang='lat' dir='ltr'>h</span> <span class='ocrx_word' id='word_1_115' title='bbox 1125 1800 1224 1884; x_wconf 89' lang='lat' dir='ltr'>Deo</span> <span class='ocrx_word' id='word_1_116' title='bbox 1246 1828 1322 1915; x_wconf 77' lang='lat' dir='ltr'>per</span> <span class='ocrx_word' id='word_1_117' title='bbox 1341 1804 1623 1904; x_wconf 79' lang='lat' dir='ltr'>creationem,</span> <span class='ocrx_word' id='word_1_118' title='bbox 1646 1822 1881 1891; x_wconf 53' lang='lat' dir='ltr'>revertere*</span> 
     </span>
     <span class='ocr_line' id='line_1_12' title="bbox 328 1916 1881 2034; baseline -0.003 -22"><span class='ocrx_word' id='word_1_119' title='bbox 328 1950 397 2012; x_wconf 89' lang='lat' dir='ltr'>tur</span> <span class='ocrx_word' id='word_1_120' title='bbox 413 1925 464 2011; x_wconf 91' lang='lat' dir='ltr'>ad</span> <span class='ocrx_word' id='word_1_121' title='bbox 485 1919 654 2009; x_wconf 79' lang='lat' dir='ltr'>nihilum</span> <span class='ocrx_word' id='word_1_122' title='bbox 667 1983 680 2023; x_wconf 90' lang='lat'>‚</span> <span class='ocrx_word' id='word_1_123' title='bbox 692 1943 815 2032; x_wconf 82' lang='lat' dir='ltr'>atque</span> <span class='ocrx_word' id='word_1_124' title='bbox 830 1918 935 2004; x_wconf 88' lang='lat' dir='ltr'>adeo</span> <span class='ocrx_word' id='word_1_125' title='bbox 955 1918 1045 2024; x_wconf 81' lang='lat' dir='ltr'>ejus</span> <span class='ocrx_word' id='word_1_126' title='bbox 1060 1916 1269 2001; x_wconf 87' lang='lat' dir='ltr'>tendentia</span> <span class='ocrx_word' id='word_1_127' title='bbox 1288 1918 1330 2002; x_wconf 90' lang='lat' dir='ltr'>in</span> <span class='ocrx_word' id='word_1_128' title='bbox 1354 1920 1546 2021; x_wconf 90' lang='lat' dir='ltr'>nihilum,</span> <span class='ocrx_word' id='word_1_129' title='bbox 1562 1923 1678 2034; x_wconf 88' lang='lat' dir='ltr'>quale</span> <span class='ocrx_word' id='word_1_130' title='bbox 1701 1925 1757 2008; x_wconf 90' lang='lat' dir='ltr'>est</span> <span class='ocrx_word' id='word_1_131' title='bbox 1771 1950 1881 2033; x_wconf 65' lang='lat' dir='ltr'>pec-³</span> 
     </span>
     <span class='ocr_line' id='line_1_13' title="bbox 326 2033 1876 2151; baseline -0.003 -22"><span class='ocrx_word' id='word_1_132' title='bbox 326 2049 491 2143; x_wconf 75' lang='lat' dir='ltr'>tantm,</span> <span class='ocrx_word' id='word_1_133' title='bbox 514 2070 608 2126; x_wconf 91' lang='lat' dir='ltr'>non.</span> <span class='ocrx_word' id='word_1_134' title='bbox 620 2033 677 2128; x_wconf 77' lang='lat' dir='ltr'>esi</span> <span class='ocrx_word' id='word_1_135' title='bbox 694 2062 770 2151; x_wconf 88' lang='lat' dir='ltr'>per</span> <span class='ocrx_word' id='word_1_136' title='bbox 790 2038 861 2139; x_wconf 89' lang='lat' dir='ltr'>id,</span> <span class='ocrx_word' id='word_1_137' title='bbox 881 2037 993 2148; x_wconf 90' lang='lat' dir='ltr'>quod</span> <span class='ocrx_word' id='word_1_138' title='bbox 1005 2036 1128 2121; x_wconf 87' lang='lat' dir='ltr'>habet</span> <span class='ocrx_word' id='word_1_139' title='bbox 1144 2052 1229 2144; x_wconf 82' lang='lat' dir='ltr'>per·</span> <span class='ocrx_word' id='word_1_140' title='bbox 1240 2037 1491 2122; x_wconf 90' lang='lat' dir='ltr'>creationem</span> <span class='ocrx_word' id='word_1_141' title='bbox 1508 2098 1523 2137; x_wconf 97' lang='lat'>,</span> <span class='ocrx_word' id='word_1_142' title='bbox 1541 2040 1607 2125; x_wconf 93' lang='lat' dir='ltr'>vel</span> <span class='ocrx_word' id='word_1_143' title='bbox 1626 2070 1707 2125; x_wconf 86' lang='lat' dir='ltr'>uon</span> <span class='ocrx_word' id='word_1_144' title='bbox 1727 2062 1876 2151; x_wconf 85' lang='lat' dir='ltr'>peccat</span> 
     </span>
     <span class='ocr_line' id='line_1_14' title="bbox 199 2150 2025 2275; baseline 0.002 -27"><span class='ocrx_word' id='word_1_145' title='bbox 199 2173 208 2185; x_wconf 85' lang='lat'>&#39;</span> <span class='ocrx_word' id='word_1_146' title='bbox 326 2191 402 2275; x_wconf 90' lang='lat' dir='ltr'>per</span> <span class='ocrx_word' id='word_1_147' title='bbox 426 2182 604 2246; x_wconf 88' lang='lat' dir='ltr'>creatam</span> <span class='ocrx_word' id='word_1_148' title='bbox 638 2157 970 2271; x_wconf 70' lang='lat' dir='ltr'>perfcbionem,</span> <span class='ocrx_word' id='word_1_149' title='bbox 994 2150 1064 2241; x_wconf 90' lang='lat' dir='ltr'>sed</span> <span class='ocrx_word' id='word_1_150' title='bbox 1092 2180 1169 2264; x_wconf 91' lang='lat' dir='ltr'>per</span> <span class='ocrx_word' id='word_1_151' title='bbox 1190 2152 1394 2241; x_wconf 77' lang='lat' dir='ltr'>deseblum</span> <span class='ocrx_word' id='word_1_152' title='bbox 1411 2184 1618 2241; x_wconf 85' lang='lat' dir='ltr'>annexum</span> <span class='ocrx_word' id='word_1_153' title='bbox 1640 2214 1654 2260; x_wconf 93' lang='lat'>,</span> <span class='ocrx_word' id='word_1_154' title='bbox 1676 2180 1875 2270; x_wconf 85' lang='lat' dir='ltr'>quatenus</span> <span class='ocrx_word' id='word_1_155' title='bbox 2022 2246 2025 2251; x_wconf 83' lang='grc'>.</span> 
     </span>
     <span class='ocr_line' id='line_1_15' title="bbox 327 2275 1993 2387; baseline -0.006 -19"><span class='ocrx_word' id='word_1_156' title='bbox 327 2308 381 2368; x_wconf 81' lang='lat' dir='ltr'>ex</span> <span class='ocrx_word' id='word_1_157' title='bbox 405 2279 532 2363; x_wconf 88' lang='lat' dir='ltr'>nihilo</span> <span class='ocrx_word' id='word_1_158' title='bbox 556 2275 864 2387; x_wconf 74' lang='lat' dir='ltr'>estprodubius.</span> <span class='ocrx_word' id='word_1_159' title='bbox 1022 2288 1037 2303; x_wconf 83' lang='grc'><strong>“</strong></span> <span class='ocrx_word' id='word_1_160' title='bbox 1874 2304 1879 2311; x_wconf 93' lang='grc'><em>·</em></span> <span class='ocrx_word' id='word_1_161' title='bbox 1989 2286 1993 2299; x_wconf 87' lang='grc'><strong>“</strong></span> 
     </span>
     <span class='ocr_line' id='line_1_16' title="bbox 382 2391 1974 2507; baseline 0.001 -26"><span class='ocrx_word' id='word_1_162' title='bbox 382 2391 581 2483; x_wconf 88' lang='lat' dir='ltr'>XXXVI.</span> <span class='ocrx_word' id='word_1_163' title='bbox 613 2396 739 2481; x_wconf 90' lang='lat' dir='ltr'>Unde</span> <span class='ocrx_word' id='word_1_164' title='bbox 774 2392 997 2495; x_wconf 74' lang='lat' dir='ltr'>subinfert,</span> <span class='ocrx_word' id='word_1_165' title='bbox 1018 2412 1067 2479; x_wconf 92' lang='lat' dir='ltr'>ut</span> <span class='ocrx_word' id='word_1_166' title='bbox 1089 2392 1221 2503; x_wconf 83' lang='lat' dir='ltr'>aptibs</span> <span class='ocrx_word' id='word_1_167' title='bbox 1246 2392 1475 2501; x_wconf 87' lang='lat' dir='ltr'>explicatur</span> <span class='ocrx_word' id='word_1_168' title='bbox 1497 2394 1538 2479; x_wconf 88' lang='lat' dir='ltr'>in</span> <span class='ocrx_word' id='word_1_169' title='bbox 1570 2394 1875 2507; x_wconf 90' lang='lat' dir='ltr'>Manuscripto‚</span> <span class='ocrx_word' id='word_1_170' title='bbox 1970 2441 1974 2446; x_wconf 94' lang='lat'><em>·</em></span> 
     </span>
     <span class='ocr_line' id='line_1_17' title="bbox 325 2508 1876 2629; baseline 0.001 -29"><span class='ocrx_word' id='word_1_171' title='bbox 325 2508 584 2629; x_wconf 85' lang='lat' dir='ltr'>qubdhomo</span> <span class='ocrx_word' id='word_1_172' title='bbox 603 2511 657 2599; x_wconf 85' lang='lat' dir='ltr'>src</span> <span class='ocrx_word' id='word_1_173' title='bbox 685 2514 858 2599; x_wconf 76' lang='lat' dir='ltr'>existens</span> <span class='ocrx_word' id='word_1_174' title='bbox 874 2512 916 2596; x_wconf 93' lang='lat' dir='ltr'>in</span> <span class='ocrx_word' id='word_1_175' title='bbox 938 2513 1068 2598; x_wconf 76' lang='lat' dir='ltr'>libero</span> <span class='ocrx_word' id='word_1_176' title='bbox 1086 2510 1282 2612; x_wconf 89' lang='lat' dir='ltr'>arbitrio,</span> <span class='ocrx_word' id='word_1_177' title='bbox 1297 2510 1431 2614; x_wconf 87' lang='lat' dir='ltr'>idest,</span> <span class='ocrx_word' id='word_1_178' title='bbox 1450 2513 1506 2597; x_wconf 91' lang='lat' dir='ltr'>ita</span> <span class='ocrx_word' id='word_1_179' title='bbox 1522 2512 1676 2599; x_wconf 84' lang='lat' dir='ltr'>habens</span> <span class='ocrx_word' id='word_1_180' title='bbox 1699 2514 1876 2601; x_wconf 84' lang='lat' dir='ltr'>liberum</span> 
     </span>
     <span class='ocr_line' id='line_1_18' title="bbox 329 2626 1887 2745; baseline -0.004 -27"><span class='ocrx_word' id='word_1_181' title='bbox 329 2634 568 2735; x_wconf 86' lang='lat' dir='ltr'>arbitrium,</span> <span class='ocrx_word' id='word_1_182' title='bbox 584 2631 695 2744; x_wconf 91' lang='lat' dir='ltr'>quod</span> <span class='ocrx_word' id='word_1_183' title='bbox 715 2633 911 2745; x_wconf 85' lang='lat' dir='ltr'>ipsum’&amp;</span> <span class='ocrx_word' id='word_1_184' title='bbox 930 2649 1017 2716; x_wconf 89' lang='lat' dir='ltr'>tota</span> <span class='ocrx_word' id='word_1_185' title='bbox 1038 2630 1124 2737; x_wconf 77' lang='lat' dir='ltr'>eiua</span> <span class='ocrx_word' id='word_1_186' title='bbox 1141 2626 1407 2740; x_wconf 74' lang='lat' dir='ltr'>perfectione</span> <span class='ocrx_word' id='word_1_187' title='bbox 1435 2630 1464 2713; x_wconf 78' lang='lat' dir='ltr'>h</span> <span class='ocrx_word' id='word_1_188' title='bbox 1486 2630 1796 2719; x_wconf 77' lang='lat' dir='ltr'>¹Deoereatum</span> <span class='ocrx_word' id='word_1_189' title='bbox 1826 2632 1887 2719; x_wconf 81' lang='lat' dir='ltr'>ad</span> 
     </span>
     <span class='ocr_line' id='line_1_19' title="bbox 329 2746 1877 2861; baseline 0.001 -26"><span class='ocrx_word' id='word_1_190' title='bbox 329 2752 509 2852; x_wconf 90' lang='lat' dir='ltr'>bonum,</span> <span class='ocrx_word' id='word_1_191' title='bbox 525 2772 671 2861; x_wconf 90' lang='lat' dir='ltr'>utpote</span> <span class='ocrx_word' id='word_1_192' title='bbox 691 2749 923 2837; x_wconf 85' lang='lat' dir='ltr'>ordinatum</span> <span class='ocrx_word' id='word_1_193' title='bbox 954 2748 1006 2832; x_wconf 89' lang='lat' dir='ltr'>ad</span> <span class='ocrx_word' id='word_1_194' title='bbox 1035 2748 1168 2861; x_wconf 90' lang='lat' dir='ltr'>ipsum</span> <span class='ocrx_word' id='word_1_195' title='bbox 1184 2746 1330 2832; x_wconf 82' lang='lat' dir='ltr'>Deum</span> <span class='ocrx_word' id='word_1_196' title='bbox 1352 2778 1365 2840; x_wconf 77' lang='lat' dir='ltr'>t</span> <span class='ocrx_word' id='word_1_197' title='bbox 1392 2748 1484 2857; x_wconf 88' lang='lat' dir='ltr'>quia</span> <span class='ocrx_word' id='word_1_198' title='bbox 1509 2750 1642 2833; x_wconf 81' lang='lat' dir='ltr'>estex</span> <span class='ocrx_word' id='word_1_199' title='bbox 1664 2750 1814 2851; x_wconf 90' lang='lat' dir='ltr'>nihilo,</span> <span class='ocrx_word' id='word_1_200' title='bbox 1833 2756 1877 2837; x_wconf 83' lang='grc' dir='ltr'>δι</span> 
     </span>
     <span class='ocr_line' id='line_1_20' title="bbox 328 2862 1878 2980; baseline 0.003 -29"><span class='ocrx_word' id='word_1_201' title='bbox 328 2862 552 2980; x_wconf 82' lang='lat' dir='ltr'>propterea</span> <span class='ocrx_word' id='word_1_202' title='bbox 575 2867 626 2953; x_wconf 85' lang='lat' dir='ltr'>ad</span> <span class='ocrx_word' id='word_1_203' title='bbox 648 2862 820 2953; x_wconf 86' lang='lat' dir='ltr'>nihilum</span> <span class='ocrx_word' id='word_1_204' title='bbox 841 2866 1040 2952; x_wconf 83' lang='lat' dir='ltr'>tendit&amp;</span> <span class='ocrx_word' id='word_1_205' title='bbox 1077 2863 1329 2971; x_wconf 87' lang='lat' dir='ltr'>inclinatur,</span> <span class='ocrx_word' id='word_1_206' title='bbox 1345 2864 1466 2974; x_wconf 80' lang='lat' dir='ltr'>potest</span> <span class='ocrx_word' id='word_1_207' title='bbox 1484 2866 1620 2975; x_wconf 70' lang='lat' dir='ltr'>eligere</span> <span class='ocrx_word' id='word_1_208' title='bbox 1651 2870 1790 2951; x_wconf 81' lang='lat' dir='ltr'>bouum</span> <span class='ocrx_word' id='word_1_209' title='bbox 1805 2896 1878 2976; x_wconf 82' lang='lat' dir='ltr'>per</span> 
     </span>
     <span class='ocr_line' id='line_1_21' title="bbox 329 2982 1877 3107; baseline 0.001 -38"><span class='ocrx_word' id='word_1_210' title='bbox 329 2982 487 3107; x_wconf 70' lang='lat' dir='ltr'>liberum</span> <span class='ocrx_word' id='word_1_211' title='bbox 503 2988 698 3070; x_wconf 80' lang='lat' dir='ltr'>arbitrium</span> <span class='ocrx_word' id='word_1_212' title='bbox 712 3012 906 3085; x_wconf 80' lang='lat' dir='ltr'>creomm,</span> <span class='ocrx_word' id='word_1_213' title='bbox 928 2983 1067 3083; x_wconf 88' lang='lat' dir='ltr'>idest,</span> <span class='ocrx_word' id='word_1_214' title='bbox 1086 2998 1283 3094; x_wconf 86' lang='lat' dir='ltr'>quatenus</span> <span class='ocrx_word' id='word_1_215' title='bbox 1307 2985 1363 3066; x_wconf 87' lang='lat' dir='ltr'>est</span> <span class='ocrx_word' id='word_1_216' title='bbox 1382 2982 1607 3093; x_wconf 73' lang='lat' dir='ltr'>quaedami</span> <span class='ocrx_word' id='word_1_217' title='bbox 1630 2985 1726 3069; x_wconf 88' lang='lat' dir='ltr'>Deo</span> <span class='ocrx_word' id='word_1_218' title='bbox 1743 3008 1877 3072; x_wconf 84' lang='lat' dir='ltr'>creata</span> 
     </span>
     <span class='ocr_line' id='line_1_22' title="bbox 328 3100 1877 3219; baseline 0.001 -30"><span class='ocrx_word' id='word_1_219' title='bbox 328 3103 551 3215; x_wconf 70' lang='lat' dir='ltr'>perfeeto,</span> <span class='ocrx_word' id='word_1_220' title='bbox 565 3104 721 3219; x_wconf 84' lang='lat' dir='ltr'>quiaest</span> <span class='ocrx_word' id='word_1_221' title='bbox 738 3125 920 3189; x_wconf 89' lang='lat' dir='ltr'>creatum</span> <span class='ocrx_word' id='word_1_222' title='bbox 935 3102 985 3186; x_wconf 91' lang='lat' dir='ltr'>ad</span> <span class='ocrx_word' id='word_1_223' title='bbox 997 3104 1154 3187; x_wconf 89' lang='lat' dir='ltr'>bonum</span> <span class='ocrx_word' id='word_1_224' title='bbox 1168 3100 1349 3203; x_wconf 82' lang='lat' dir='ltr'>tauthm,</span> <span class='ocrx_word' id='word_1_225' title='bbox 1361 3106 1407 3187; x_wconf 72' lang='lat' dir='ltr'>d</span> <span class='ocrx_word' id='word_1_226' title='bbox 1425 3102 1743 3188; x_wconf 86' lang='lat' dir='ltr'>iovicreationis</span> <span class='ocrx_word' id='word_1_227' title='bbox 1757 3100 1877 3190; x_wconf 71' lang='lat' dir='ltr'>unice</span> 
     </span>
    </p>
   </div>
   <div class='ocr_carea' id='block_1_6' title="bbox 167 3217 1878 3333">
    <p class='ocr_par' dir='ltr' id='par_1_6' title="bbox 167 3217 1878 3333">
     <span class='ocr_line' id='line_1_23' title="bbox 167 3217 1878 3333; baseline 0.001 -28"><span class='ocrx_word' id='word_1_228' title='bbox 167 3240 172 3247; x_wconf 82' lang='grc'><strong>’</strong></span> <span class='ocrx_word' id='word_1_229' title='bbox 332 3220 385 3305; x_wconf 86' lang='lat' dir='ltr'>ad</span> <span class='ocrx_word' id='word_1_230' title='bbox 406 3223 542 3333; x_wconf 88' lang='lat' dir='ltr'>ipsum.</span> <span class='ocrx_word' id='word_1_231' title='bbox 557 3225 598 3308; x_wconf 87' lang='lat' dir='ltr'>se</span> <span class='ocrx_word' id='word_1_232' title='bbox 619 3222 822 3314; x_wconf 74' lang='lat' dir='ltr'>habett&amp;</span> <span class='ocrx_word' id='word_1_233' title='bbox 848 3220 990 3304; x_wconf 83' lang='lat' dir='ltr'>molum</span> <span class='ocrx_word' id='word_1_234' title='bbox 1026 3217 1159 3331; x_wconf 86' lang='lat' dir='ltr'>potest</span> <span class='ocrx_word' id='word_1_235' title='bbox 1189 3218 1341 3331; x_wconf 87' lang='lat' dir='ltr'>eligere</span> <span class='ocrx_word' id='word_1_236' title='bbox 1363 3250 1435 3329; x_wconf 86' lang='lat' dir='ltr'>per</span> <span class='ocrx_word' id='word_1_237' title='bbox 1464 3220 1619 3305; x_wconf 80' lang='lat' dir='ltr'>liberum</span> <span class='ocrx_word' id='word_1_238' title='bbox 1647 3224 1878 3325; x_wconf 82' lang='lat' dir='ltr'>arbitrium,</span> 
     </span>
    </p>
   </div>
   <div class='ocr_carea' id='block_1_7' title="bbox 326 3327 1958 3571">
    <p class='ocr_par' dir='ltr' id='par_1_7' title="bbox 326 3327 1958 3571">
     <span class='ocr_line' id='line_1_24' title="bbox 326 3327 1879 3455; baseline 0.001 -30"><span class='ocrx_word' id='word_1_239' title='bbox 326 3338 435 3455; x_wconf 73' lang='lat' dir='ltr'>quod</span> <span class='ocrx_word' id='word_1_240' title='bbox 446 3342 562 3425; x_wconf 77' lang='lat' dir='ltr'>babet</span> <span class='ocrx_word' id='word_1_241' title='bbox 567 3369 642 3451; x_wconf 87' lang='lat' dir='ltr'>per</span> <span class='ocrx_word' id='word_1_242' title='bbox 647 3339 694 3451; x_wconf 77' lang='lat' dir='ltr'>fir</span> <span class='ocrx_word' id='word_1_243' title='bbox 713 3334 857 3426; x_wconf 72' lang='lat' dir='ltr'>trintum</span> <span class='ocrx_word' id='word_1_244' title='bbox 871 3400 885 3441; x_wconf 91' lang='lat'>‚</span> <span class='ocrx_word' id='word_1_245' title='bbox 911 3339 1014 3452; x_wconf 83' lang='lat' dir='ltr'>quod</span> <span class='ocrx_word' id='word_1_246' title='bbox 1030 3338 1181 3445; x_wconf 68' lang='lat' dir='ltr'>nonest</span> <span class='ocrx_word' id='word_1_247' title='bbox 1195 3361 1358 3420; x_wconf 83' lang='lat' dir='ltr'>creatum</span> <span class='ocrx_word' id='word_1_248' title='bbox 1371 3339 1428 3431; x_wconf 84' lang='lat' dir='ltr'>od</span> <span class='ocrx_word' id='word_1_249' title='bbox 1442 3327 1582 3447; x_wconf 83' lang='lat' dir='ltr'>maium</span> <span class='ocrx_word' id='word_1_250' title='bbox 1606 3396 1619 3441; x_wconf 88' lang='lat'>,</span> <span class='ocrx_word' id='word_1_251' title='bbox 1643 3337 1686 3425; x_wconf 88' lang='lat' dir='ltr'>id</span> <span class='ocrx_word' id='word_1_252' title='bbox 1702 3342 1758 3426; x_wconf 87' lang='lat' dir='ltr'>est</span> <span class='ocrx_word' id='word_1_253' title='bbox 1772 3398 1785 3441; x_wconf 95' lang='lat'>,</span> <span class='ocrx_word' id='word_1_254' title='bbox 1803 3366 1879 3451; x_wconf 87' lang='lat' dir='ltr'>per</span> 
     </span>
     <span class='ocr_line' id='line_1_25' title="bbox 330 3454 1958 3571; baseline 0.001 -31"><span class='ocrx_word' id='word_1_255' title='bbox 330 3456 505 3571; x_wconf 76' lang='lat' dir='ltr'>liberum</span> <span class='ocrx_word' id='word_1_256' title='bbox 517 3458 733 3543; x_wconf 71' lang='lat' dir='ltr'>&#39;arbitrium</span> <span class='ocrx_word' id='word_1_257' title='bbox 750 3480 796 3544; x_wconf 92' lang='lat' dir='ltr'>ut</span> <span class='ocrx_word' id='word_1_258' title='bbox 818 3458 1095 3559; x_wconf 71' lang='lat' dir='ltr'>defectuosum</span> <span class='ocrx_word' id='word_1_259' title='bbox 1118 3462 1159 3540; x_wconf 78' lang='lat' dir='ltr'>br</span> <span class='ocrx_word' id='word_1_260' title='bbox 1180 3454 1418 3541; x_wconf 89' lang='lat' dir='ltr'>inclinatum</span> <span class='ocrx_word' id='word_1_261' title='bbox 1437 3454 1487 3540; x_wconf 88' lang='lat' dir='ltr'>ad</span> <span class='ocrx_word' id='word_1_262' title='bbox 1507 3457 1679 3542; x_wconf 88' lang='lat' dir='ltr'>nihilum</span> <span class='ocrx_word' id='word_1_263' title='bbox 1701 3476 1878 3569; x_wconf 82' lang='lat' dir='ltr'>,quate-</span> <span class='ocrx_word' id='word_1_264' title='bbox 1955 3476 1958 3485; x_wconf 83' lang='lat'>&#39;</span> 
     </span>
    </p>
   </div>
   <div class='ocr_carea' id='block_1_8' title="bbox 330 3568 2043 3687">
    <p class='ocr_par' dir='ltr' id='par_1_8' title="bbox 330 3568 2043 3687">
     <span class='ocr_line' id='line_1_26' title="bbox 330 3568 2043 3687; baseline 0.001 -27"><span class='ocrx_word' id='word_1_265' title='bbox 330 3602 407 3660; x_wconf 86' lang='lat' dir='ltr'>nus</span> <span class='ocrx_word' id='word_1_266' title='bbox 429 3604 482 3678; x_wconf 77' lang='lat' dir='ltr'>ex</span> <span class='ocrx_word' id='word_1_267' title='bbox 503 3577 630 3662; x_wconf 90' lang='lat' dir='ltr'>nihilo</span> <span class='ocrx_word' id='word_1_268' title='bbox 651 3578 729 3671; x_wconf 72' lang='lat' dir='ltr'>elit</span> <span class='ocrx_word' id='word_1_269' title='bbox 750 3582 791 3663; x_wconf 83' lang='lat' dir='ltr'>bc</span> <span class='ocrx_word' id='word_1_270' title='bbox 816 3578 907 3687; x_wconf 86' lang='lat' dir='ltr'>quia</span> <span class='ocrx_word' id='word_1_271' title='bbox 927 3578 1015 3660; x_wconf 83' lang='lat' dir='ltr'>haec</span> <span class='ocrx_word' id='word_1_272' title='bbox 1036 3568 1271 3659; x_wconf 88' lang='lat' dir='ltr'>tortuofitas</span> <span class='ocrx_word' id='word_1_273' title='bbox 1299 3578 1340 3657; x_wconf 81' lang='lat' dir='ltr'>dr</span> <span class='ocrx_word' id='word_1_274' title='bbox 1367 3574 1546 3661; x_wconf 74' lang='lat' dir='ltr'>defectus</span> <span class='ocrx_word' id='word_1_275' title='bbox 1578 3574 1711 3661; x_wconf 78' lang='lat' dir='ltr'>liberi‘</span> <span class='ocrx_word' id='word_1_276' title='bbox 1724 3576 1880 3661; x_wconf 89' lang='lat' dir='ltr'>arbitrii</span> <span class='ocrx_word' id='word_1_277' title='bbox 2039 3672 2043 3678; x_wconf 44' lang='lat'>,</span> 
     </span>
    </p>
   </div>
   <div class='ocr_carea' id='block_1_9' title="bbox 225 3686 1974 4865">
    <p class='ocr_par' dir='ltr' id='par_1_9' title="bbox 329 3686 1879 3803">
     <span class='ocr_line' id='line_1_27' title="bbox 329 3686 1879 3803; baseline 0 -26"><span class='ocrx_word' id='word_1_278' title='bbox 329 3721 414 3777; x_wconf 91' lang='lat' dir='ltr'>non</span> <span class='ocrx_word' id='word_1_279' title='bbox 436 3696 550 3781; x_wconf 79' lang='lat' dir='ltr'>venit</span> <span class='ocrx_word' id='word_1_280' title='bbox 567 3697 589 3779; x_wconf 74' lang='lat' dir='ltr'>l</span> <span class='ocrx_word' id='word_1_281' title='bbox 607 3695 706 3782; x_wconf 86' lang='lat' dir='ltr'>Deo</span> <span class='ocrx_word' id='word_1_282' title='bbox 719 3756 733 3795; x_wconf 93' lang='lat'>,</span> <span class='ocrx_word' id='word_1_283' title='bbox 747 3696 818 3782; x_wconf 91' lang='lat' dir='ltr'>sed</span> <span class='ocrx_word' id='word_1_284' title='bbox 839 3698 896 3780; x_wconf 87' lang='lat' dir='ltr'>est</span> <span class='ocrx_word' id='word_1_285' title='bbox 914 3696 955 3777; x_wconf 92' lang='lat' dir='ltr'>in</span> <span class='ocrx_word' id='word_1_286' title='bbox 968 3693 1136 3778; x_wconf 90' lang='lat' dir='ltr'>homine</span> <span class='ocrx_word' id='word_1_287' title='bbox 1154 3686 1368 3777; x_wconf 72' lang='lat' dir='ltr'>occasione</span> <span class='ocrx_word' id='word_1_288' title='bbox 1388 3693 1556 3793; x_wconf 89' lang='lat' dir='ltr'>suimet,</span> <span class='ocrx_word' id='word_1_289' title='bbox 1579 3694 1631 3780; x_wconf 84' lang='lat' dir='ltr'>eb</span> <span class='ocrx_word' id='word_1_290' title='bbox 1652 3694 1751 3803; x_wconf 87' lang='lat' dir='ltr'>quia·</span> <span class='ocrx_word' id='word_1_291' title='bbox 1766 3720 1879 3779; x_wconf 90' lang='lat' dir='ltr'>crea-</span> 
     </span>
    </p>

    <p class='ocr_par' dir='ltr' id='par_1_10' title="bbox 330 3805 1878 3909">
     <span class='ocr_line' id='line_1_28' title="bbox 330 3805 1878 3909; baseline 0.001 -15"><span class='ocrx_word' id='word_1_292' title='bbox 330 3828 422 3895; x_wconf 86' lang='lat' dir='ltr'>tura</span> <span class='ocrx_word' id='word_1_293' title='bbox 443 3811 666 3897; x_wconf 72' lang='lat' dir='ltr'>uccellano</span> <span class='ocrx_word' id='word_1_294' title='bbox 688 3816 811 3893; x_wconf 84' lang='lat' dir='ltr'>estex</span> <span class='ocrx_word' id='word_1_295' title='bbox 832 3811 956 3893; x_wconf 88' lang='lat' dir='ltr'>nihilo</span> <span class='ocrx_word' id='word_1_296' title='bbox 972 3841 982 3891; x_wconf 76' lang='grc' dir='ltr'><strong><em>ε</em></strong></span> <span class='ocrx_word' id='word_1_297' title='bbox 997 3809 1090 3895; x_wconf 90' lang='lat' dir='ltr'>ideo</span> <span class='ocrx_word' id='word_1_298' title='bbox 1110 3805 1211 3892; x_wconf 90' lang='lat' dir='ltr'>illud</span> <span class='ocrx_word' id='word_1_299' title='bbox 1227 3806 1400 3909; x_wconf 84' lang='lat' dir='ltr'>liberum</span> <span class='ocrx_word' id='word_1_300' title='bbox 1421 3809 1634 3895; x_wconf 87' lang='lat' dir='ltr'>arbitrium</span> <span class='ocrx_word' id='word_1_301' title='bbox 1657 3812 1710 3891; x_wconf 86' lang='lat' dir='ltr'>lic</span> <span class='ocrx_word' id='word_1_302' title='bbox 1735 3808 1878 3896; x_wconf 86' lang='lat' dir='ltr'>desec-</span> 
     </span>
    </p>

    <p class='ocr_par' dir='ltr' id='par_1_11' title="bbox 279 3925 1879 4037">
     <span class='ocr_line' id='line_1_29' title="bbox 279 3925 1879 4037; baseline 0.002 -27"><span class='ocrx_word' id='word_1_303' title='bbox 279 3958 281 3961; x_wconf 91' lang='lat'>·</span> <span class='ocrx_word' id='word_1_304' title='bbox 332 3928 495 4011; x_wconf 82' lang='lat' dir='ltr'>trusum</span> <span class='ocrx_word' id='word_1_305' title='bbox 516 3927 644 4012; x_wconf 87' lang='lat' dir='ltr'>bomo</span> <span class='ocrx_word' id='word_1_306' title='bbox 657 3925 780 4011; x_wconf 89' lang='lat' dir='ltr'>habet</span> <span class='ocrx_word' id='word_1_307' title='bbox 796 3925 921 4037; x_wconf 84' lang='lat' dir='ltr'>perse</span> <span class='ocrx_word' id='word_1_308' title='bbox 941 3930 1085 4011; x_wconf 77' lang='lat' dir='ltr'>tanaim</span> <span class='ocrx_word' id='word_1_309' title='bbox 1105 3986 1119 4029; x_wconf 92' lang='lat'>,</span> <span class='ocrx_word' id='word_1_310' title='bbox 1141 3931 1184 4010; x_wconf 75' lang='lat' dir='ltr'>tr</span> <span class='ocrx_word' id='word_1_311' title='bbox 1205 3952 1288 4012; x_wconf 88' lang='lat' dir='ltr'>non</span> <span class='ocrx_word' id='word_1_312' title='bbox 1312 3927 1454 4012; x_wconf 80' lang='lat' dir='ltr'>h-Deo</span> <span class='ocrx_word' id='word_1_313' title='bbox 1476 3958 1488 4018; x_wconf 78' lang='lat' dir='ltr'>t</span> <span class='ocrx_word' id='word_1_314' title='bbox 1517 3931 1558 4010; x_wconf 79' lang='lat' dir='ltr'>br</span> <span class='ocrx_word' id='word_1_315' title='bbox 1581 3925 1681 4009; x_wconf 90' lang='lat' dir='ltr'>illud</span> <span class='ocrx_word' id='word_1_316' title='bbox 1703 3926 1879 4013; x_wconf 87' lang='lat' dir='ltr'>liberum</span> 
     </span>
    </p>

    <p class='ocr_par' dir='ltr' id='par_1_12' title="bbox 302 4041 1879 4153">
     <span class='ocr_line' id='line_1_30' title="bbox 302 4041 1879 4153; baseline 0.003 -26"><span class='ocrx_word' id='word_1_317' title='bbox 302 4044 546 4127; x_wconf 68' lang='lat' dir='ltr'>&#39;iarbitrium&#39;</span> <span class='ocrx_word' id='word_1_318' title='bbox 567 4043 708 4151; x_wconf 76' lang='lat' dir='ltr'>norell</span> <span class='ocrx_word' id='word_1_319' title='bbox 725 4071 889 4129; x_wconf 82' lang='lat' dir='ltr'>creatum</span> <span class='ocrx_word' id='word_1_320' title='bbox 911 4046 968 4127; x_wconf 86' lang='lat' dir='ltr'>ud</span> <span class='ocrx_word' id='word_1_321' title='bbox 984 4046 1154 4145; x_wconf 84' lang='lat' dir='ltr'>molum,</span> <span class='ocrx_word' id='word_1_322' title='bbox 1178 4044 1270 4153; x_wconf 91' lang='lat' dir='ltr'>quia</span> <span class='ocrx_word' id='word_1_323' title='bbox 1294 4044 1413 4131; x_wconf 89' lang='lat' dir='ltr'>Deus</span> <span class='ocrx_word' id='word_1_324' title='bbox 1435 4042 1553 4129; x_wconf 71' lang='lat' dir='ltr'>turici</span> <span class='ocrx_word' id='word_1_325' title='bbox 1577 4041 1676 4127; x_wconf 89' lang='lat' dir='ltr'>illud</span> <span class='ocrx_word' id='word_1_326' title='bbox 1694 4064 1808 4131; x_wconf 82' lang='lat' dir='ltr'>creat</span> <span class='ocrx_word' id='word_1_327' title='bbox 1828 4044 1879 4130; x_wconf 89' lang='lat' dir='ltr'>ad</span> 
     </span>
    </p>

    <p class='ocr_par' dir='ltr' id='par_1_13' title="bbox 326 4158 1877 4276">
     <span class='ocr_line' id='line_1_31' title="bbox 326 4158 1877 4276; baseline 0.001 -31"><span class='ocrx_word' id='word_1_328' title='bbox 326 4158 512 4255; x_wconf 78' lang='lat' dir='ltr'>,bonum3</span> <span class='ocrx_word' id='word_1_329' title='bbox 534 4166 803 4273; x_wconf 81' lang='lat' dir='ltr'>&amp;propterea</span> <span class='ocrx_word' id='word_1_330' title='bbox 816 4187 893 4273; x_wconf 90' lang='lat' dir='ltr'>per</span> <span class='ocrx_word' id='word_1_331' title='bbox 905 4164 1036 4273; x_wconf 89' lang='lat' dir='ltr'>ipsum</span> <span class='ocrx_word' id='word_1_332' title='bbox 1051 4166 1128 4273; x_wconf 76' lang='lat' dir='ltr'>qud</span> <span class='ocrx_word' id='word_1_333' title='bbox 1141 4181 1324 4248; x_wconf 86' lang='lat' dir='ltr'>creatum</span> <span class='ocrx_word' id='word_1_334' title='bbox 1334 4164 1460 4248; x_wconf 90' lang='lat' dir='ltr'>homo</span> <span class='ocrx_word' id='word_1_335' title='bbox 1475 4190 1557 4247; x_wconf 89' lang='lat' dir='ltr'>non</span> <span class='ocrx_word' id='word_1_336' title='bbox 1572 4162 1688 4276; x_wconf 82' lang='lat' dir='ltr'>eligit</span> <span class='ocrx_word' id='word_1_337' title='bbox 1697 4164 1877 4265; x_wconf 89' lang='lat' dir='ltr'>malum,</span> 
     </span>
    </p>

    <p class='ocr_par' dir='ltr' id='par_1_14' title="bbox 299 4276 1974 4395">
     <span class='ocr_line' id='line_1_32' title="bbox 299 4276 1974 4395; baseline 0.001 -36"><span class='ocrx_word' id='word_1_338' title='bbox 299 4276 406 4373; x_wconf 68' lang='lat' dir='ltr'>,ised</span> <span class='ocrx_word' id='word_1_339' title='bbox 425 4280 583 4365; x_wconf 81' lang='lat' dir='ltr'>tantitm</span> <span class='ocrx_word' id='word_1_340' title='bbox 604 4308 680 4389; x_wconf 91' lang='lat' dir='ltr'>per</span> <span class='ocrx_word' id='word_1_341' title='bbox 697 4280 826 4391; x_wconf 89' lang='lat' dir='ltr'>ipsum</span> <span class='ocrx_word' id='word_1_342' title='bbox 849 4285 927 4390; x_wconf 83' lang='lat' dir='ltr'>qua</span> <span class='ocrx_word' id='word_1_343' title='bbox 952 4310 1005 4366; x_wconf 85' lang='lat' dir='ltr'>ex</span> <span class='ocrx_word' id='word_1_344' title='bbox 1020 4283 1147 4365; x_wconf 89' lang='lat' dir='ltr'>nihilo</span> <span class='ocrx_word' id='word_1_345' title='bbox 1169 4303 1335 4383; x_wconf 91' lang='lat' dir='ltr'>ortum,</span> <span class='ocrx_word' id='word_1_346' title='bbox 1352 4288 1392 4367; x_wconf 91' lang='lat'>&amp;</span> <span class='ocrx_word' id='word_1_347' title='bbox 1413 4280 1464 4367; x_wconf 83' lang='lat' dir='ltr'>ud</span> <span class='ocrx_word' id='word_1_348' title='bbox 1487 4281 1657 4366; x_wconf 86' lang='lat' dir='ltr'>nihilum</span> <span class='ocrx_word' id='word_1_349' title='bbox 1679 4308 1877 4395; x_wconf 81' lang='lat' dir='ltr'>vergens:</span> <span class='ocrx_word' id='word_1_350' title='bbox 1972 4357 1974 4361; x_wconf 83' lang='lat'><em>.</em></span> 
     </span>
    </p>

    <p class='ocr_par' dir='ltr' id='par_1_15' title="bbox 325 4397 1877 4509">
     <span class='ocr_line' id='line_1_33' title="bbox 325 4397 1877 4509; baseline 0.001 -28"><span class='ocrx_word' id='word_1_351' title='bbox 325 4418 453 4507; x_wconf 82' lang='lat' dir='ltr'>atque</span> <span class='ocrx_word' id='word_1_352' title='bbox 467 4398 568 4484; x_wconf 87' lang='lat' dir='ltr'>adeo</span> <span class='ocrx_word' id='word_1_353' title='bbox 582 4418 668 4484; x_wconf 86' lang='lat' dir='ltr'>tota</span> <span class='ocrx_word' id='word_1_354' title='bbox 690 4400 917 4509; x_wconf 78' lang='lat' dir='ltr'>quaestionis</span> <span class='ocrx_word' id='word_1_355' title='bbox 931 4399 1147 4485; x_wconf 87' lang='lat' dir='ltr'>difficultas</span> <span class='ocrx_word' id='word_1_356' title='bbox 1166 4400 1333 4484; x_wconf 87' lang='lat' dir='ltr'>solvitur</span> <span class='ocrx_word' id='word_1_357' title='bbox 1347 4428 1399 4485; x_wconf 86' lang='lat' dir='ltr'>ex</span> <span class='ocrx_word' id='word_1_358' title='bbox 1417 4397 1665 4483; x_wconf 76' lang='lat' dir='ltr'>distinbtione</span> <span class='ocrx_word' id='word_1_359' title='bbox 1685 4399 1801 4489; x_wconf 85' lang='lat' dir='ltr'>liberi</span> <span class='ocrx_word' id='word_1_360' title='bbox 1812 4428 1877 4483; x_wconf 84' lang='lat' dir='ltr'>ar-</span> 
     </span>
    </p>

    <p class='ocr_par' dir='ltr' id='par_1_16' title="bbox 225 4513 1878 4745">
     <span class='ocr_line' id='line_1_34' title="bbox 284 4513 1878 4628; baseline 0.003 -29"><span class='ocrx_word' id='word_1_361' title='bbox 284 4620 290 4627; x_wconf 30' lang='lat'>·</span> <span class='ocrx_word' id='word_1_362' title='bbox 331 4514 474 4617; x_wconf 86' lang='lat' dir='ltr'>bitrii,</span> <span class='ocrx_word' id='word_1_363' title='bbox 498 4513 693 4628; x_wconf 87' lang='lat' dir='ltr'>quatenus</span> <span class='ocrx_word' id='word_1_364' title='bbox 715 4515 885 4627; x_wconf 76' lang='lat' dir='ltr'>perleui</span> <span class='ocrx_word' id='word_1_365' title='bbox 905 4546 959 4602; x_wconf 85' lang='lat' dir='ltr'>ex</span> <span class='ocrx_word' id='word_1_366' title='bbox 983 4517 1026 4601; x_wconf 90' lang='lat' dir='ltr'>vi</span> <span class='ocrx_word' id='word_1_367' title='bbox 1043 4519 1279 4622; x_wconf 84' lang='lat' dir='ltr'>creationis,</span> <span class='ocrx_word' id='word_1_368' title='bbox 1303 4525 1345 4607; x_wconf 74' lang='lat' dir='ltr'>oc</span> <span class='ocrx_word' id='word_1_369' title='bbox 1365 4538 1560 4628; x_wconf 82' lang='lat' dir='ltr'>quatenus</span> <span class='ocrx_word' id='word_1_370' title='bbox 1584 4515 1803 4604; x_wconf 73' lang='lat' dir='ltr'>defeduofi</span> <span class='ocrx_word' id='word_1_371' title='bbox 1824 4545 1878 4603; x_wconf 81' lang='lat' dir='ltr'>ex</span> 
     </span>
     <span class='ocr_line' id='line_1_35' title="bbox 225 4628 1784 4745; baseline 0.003 -28"><span class='ocrx_word' id='word_1_372' title='bbox 225 4672 231 4686; x_wconf 91' lang='lat'><strong>·</strong></span> <span class='ocrx_word' id='word_1_373' title='bbox 331 4634 379 4717; x_wconf 78' lang='lat' dir='ltr'>vi·</span> <span class='ocrx_word' id='word_1_374' title='bbox 396 4634 789 4745; x_wconf 79' lang='lat' dir='ltr'>ejus-dependentiae</span> <span class='ocrx_word' id='word_1_375' title='bbox 812 4628 995 4720; x_wconf 81' lang='lat' dir='ltr'>h&#39;oihilo.</span> <span class='ocrx_word' id='word_1_376' title='bbox 1081 4660 1084 4666; x_wconf 86' lang='grc'><strong><em>·</em></strong></span> <span class='ocrx_word' id='word_1_377' title='bbox 1538 4648 1548 4683; x_wconf 84' lang='grc'>·’</span> <span class='ocrx_word' id='word_1_378' title='bbox 1778 4701 1784 4711; x_wconf 91' lang='grc'>.</span> 
     </span>
    </p>

    <p class='ocr_par' dir='ltr' id='par_1_17' title="bbox 323 4750 1880 4865">
     <span class='ocr_line' id='line_1_36' title="bbox 323 4750 1880 4865; baseline 0.003 -30"><span class='ocrx_word' id='word_1_379' title='bbox 323 4803 329 4813; x_wconf 93' lang='grc'>-</span> <span class='ocrx_word' id='word_1_380' title='bbox 390 4750 607 4839; x_wconf 87' lang='lat' dir='ltr'>XXXVII.</span> <span class='ocrx_word' id='word_1_381' title='bbox 641 4754 752 4837; x_wconf 88' lang='lat' dir='ltr'>Tota</span> <span class='ocrx_word' id='word_1_382' title='bbox 773 4755 859 4840; x_wconf 86' lang='lat' dir='ltr'>haec</span> <span class='ocrx_word' id='word_1_383' title='bbox 875 4753 1057 4838; x_wconf 72' lang='lat' dir='ltr'>doblrina</span> <span class='ocrx_word' id='word_1_384' title='bbox 1078 4755 1222 4853; x_wconf 82' lang='lat' dir='ltr'>clarius</span> <span class='ocrx_word' id='word_1_385' title='bbox 1243 4773 1358 4865; x_wconf 90' lang='lat' dir='ltr'>patet</span> <span class='ocrx_word' id='word_1_386' title='bbox 1371 4780 1425 4837; x_wconf 81' lang='lat' dir='ltr'>ex</span> <span class='ocrx_word' id='word_1_387' title='bbox 1445 4750 1514 4848; x_wconf 88' lang='lat' dir='ltr'>lib.</span> <span class='ocrx_word' id='word_1_388' title='bbox 1537 4751 1880 4862; x_wconf 65' lang='lat' dir='ltr'>Arborfcierttr‘oe,</span> 
     </span>
    </p>
   </div>
   <div class='ocr_carea' id='block_1_10' title="bbox 171 4868 1877 4981">
    <p class='ocr_par' dir='ltr' id='par_1_18' title="bbox 171 4868 1877 4981">
     <span class='ocr_line' id='line_1_37' title="bbox 171 4868 1877 4981; baseline -0.002 -26"><span class='ocrx_word' id='word_1_389' title='bbox 171 4963 175 4973; x_wconf 52' lang='grc'><strong><em>,</em></strong></span> <span class='ocrx_word' id='word_1_390' title='bbox 321 4868 384 4955; x_wconf 82' lang='lat' dir='ltr'>—ad</span> <span class='ocrx_word' id='word_1_391' title='bbox 402 4897 523 4980; x_wconf 89' lang='lat' dir='ltr'>quem</span> <span class='ocrx_word' id='word_1_392' title='bbox 541 4894 740 4981; x_wconf 87' lang='lat' dir='ltr'>provocat</span> <span class='ocrx_word' id='word_1_393' title='bbox 762 4872 802 4955; x_wconf 91' lang='lat' dir='ltr'>in</span> <span class='ocrx_word' id='word_1_394' title='bbox 820 4894 939 4969; x_wconf 78' lang='lat' dir='ltr'>textu</span> <span class='ocrx_word' id='word_1_395' title='bbox 960 4894 1102 4959; x_wconf 86' lang='lat' dir='ltr'>notato</span> <span class='ocrx_word' id='word_1_396' title='bbox 1121 4933 1135 4976; x_wconf 93' lang='lat'>,</span> <span class='ocrx_word' id='word_1_397' title='bbox 1158 4901 1239 4957; x_wconf 92' lang='lat' dir='ltr'>non</span> <span class='ocrx_word' id='word_1_398' title='bbox 1253 4870 1421 4981; x_wconf 79' lang='lat' dir='ltr'>quidem</span> <span class='ocrx_word' id='word_1_399' title='bbox 1439 4870 1480 4955; x_wconf 91' lang='lat' dir='ltr'>in</span> <span class='ocrx_word' id='word_1_400' title='bbox 1495 4872 1647 4955; x_wconf 81' lang='lat' dir='ltr'>Arbore</span> <span class='ocrx_word' id='word_1_401' title='bbox 1660 4868 1877 4953; x_wconf 64' lang='lat' dir='ltr'>nummati·</span> 
     </span>
    </p>
   </div>
   <div class='ocr_carea' id='block_1_11' title="bbox 308 4984 1915 5429">
    <p class='ocr_par' dir='ltr' id='par_1_19' title="bbox 330 4984 1881 5218">
     <span class='ocr_line' id='line_1_38' title="bbox 330 4984 1881 5101; baseline -0.001 -30"><span class='ocrx_word' id='word_1_402' title='bbox 330 5008 380 5071; x_wconf 85' lang='lat' dir='ltr'>ut</span> <span class='ocrx_word' id='word_1_403' title='bbox 399 4994 476 5097; x_wconf 82' lang='lat' dir='ltr'>pei</span> <span class='ocrx_word' id='word_1_404' title='bbox 488 4995 674 5074; x_wconf 88' lang='lat' dir='ltr'>errorem</span> <span class='ocrx_word' id='word_1_405' title='bbox 684 4989 849 5074; x_wconf 89' lang='lat' dir='ltr'>videtur</span> <span class='ocrx_word' id='word_1_406' title='bbox 861 4991 919 5074; x_wconf 91' lang='lat' dir='ltr'>ibi</span> <span class='ocrx_word' id='word_1_407' title='bbox 935 4992 1068 5075; x_wconf 90' lang='lat' dir='ltr'>notari</span> <span class='ocrx_word' id='word_1_408' title='bbox 1086 5048 1100 5093; x_wconf 95' lang='lat'>,</span> <span class='ocrx_word' id='word_1_409' title='bbox 1123 4991 1214 5101; x_wconf 89' lang='lat' dir='ltr'>quia</span> <span class='ocrx_word' id='word_1_410' title='bbox 1228 4990 1267 5072; x_wconf 92' lang='lat' dir='ltr'>in</span> <span class='ocrx_word' id='word_1_411' title='bbox 1285 4990 1360 5074; x_wconf 85' lang='lat' dir='ltr'>hac</span> <span class='ocrx_word' id='word_1_412' title='bbox 1383 4990 1542 5083; x_wconf 86' lang='lat' dir='ltr'>Arbore</span> <span class='ocrx_word' id='word_1_413' title='bbox 1559 5008 1718 5071; x_wconf 90' lang='lat' dir='ltr'>tantum</span> <span class='ocrx_word' id='word_1_414' title='bbox 1732 4984 1881 5075; x_wconf 85' lang='lat' dir='ltr'>leviter.</span> 
     </span>
     <span class='ocr_line' id='line_1_39' title="bbox 334 5103 1875 5218; baseline -0.001 -29"><span class='ocrx_word' id='word_1_415' title='bbox 334 5105 497 5218; x_wconf 86' lang='lat' dir='ltr'>attingit</span> <span class='ocrx_word' id='word_1_416' title='bbox 513 5106 617 5190; x_wconf 90' lang='lat' dir='ltr'>hanc</span> <span class='ocrx_word' id='word_1_417' title='bbox 632 5108 866 5209; x_wconf 88' lang='lat' dir='ltr'>materiam,</span> <span class='ocrx_word' id='word_1_418' title='bbox 881 5107 1003 5194; x_wconf 90' lang='lat' dir='ltr'>sedin</span> <span class='ocrx_word' id='word_1_419' title='bbox 1017 5108 1123 5192; x_wconf 74' lang='lat' dir='ltr'>Aru</span> <span class='ocrx_word' id='word_1_420' title='bbox 1136 5106 1347 5214; x_wconf 64' lang='lat' dir='ltr'>impetratu</span> <span class='ocrx_word' id='word_1_421' title='bbox 1371 5136 1465 5193; x_wconf 90' lang='lat' dir='ltr'>nam</span> <span class='ocrx_word' id='word_1_422' title='bbox 1483 5106 1541 5189; x_wconf 92' lang='lat' dir='ltr'>ibi</span> <span class='ocrx_word' id='word_1_423' title='bbox 1556 5103 1597 5186; x_wconf 88' lang='lat' dir='ltr'>in</span> <span class='ocrx_word' id='word_1_424' title='bbox 1619 5105 1786 5203; x_wconf 79' lang='lat' dir='ltr'>sirmis,</span> <span class='ocrx_word' id='word_1_425' title='bbox 1811 5104 1875 5188; x_wconf 76' lang='lat' dir='ltr'>titt</span> 
     </span>
    </p>

    <p class='ocr_par' dir='ltr' id='par_1_20' title="bbox 308 5220 1915 5429">
     <span class='ocr_line' id='line_1_40' title="bbox 308 5220 1915 5429; baseline 0.001 -122"><span class='ocrx_word' id='word_1_426' title='bbox 308 5256 311 5261; x_wconf 93' lang='lat'>·</span> <span class='ocrx_word' id='word_1_427' title='bbox 330 5224 867 5429; x_wconf 50' lang='grc' dir='ltr'>άι·1ι“ῠιῗατερῗἸηῖῲὶε,ἰω</span> <span class='ocrx_word' id='word_1_428' title='bbox 879 5254 993 5311; x_wconf 80' lang='lat' dir='ltr'>num.</span> <span class='ocrx_word' id='word_1_429' title='bbox 1020 5254 1056 5310; x_wconf 86' lang='lat'>1.</span> <span class='ocrx_word' id='word_1_430' title='bbox 1083 5223 1250 5320; x_wconf 78' lang='lat' dir='ltr'>scribit:</span> <span class='ocrx_word' id='word_1_431' title='bbox 1275 5225 1509 5313; x_wconf 71' lang='lat' dir='ltr'>“Libertas</span> <span class='ocrx_word' id='word_1_432' title='bbox 1530 5220 1588 5307; x_wconf 85' lang='lat' dir='ltr'>est</span> <span class='ocrx_word' id='word_1_433' title='bbox 1605 5222 1738 5424; x_wconf 43' lang='lat' dir='ltr'>srrzrugra</span> <span class='ocrx_word' id='word_1_434' title='bbox 1759 5222 1880 5319; x_wconf 71' lang='lat' dir='ltr'>imola,</span> <span class='ocrx_word' id='word_1_435' title='bbox 1913 5238 1915 5242; x_wconf 81' lang='grc'><strong>’</strong></span> 
     </span>
     <span class='ocr_line' id='line_1_41' title="bbox 497 5368 1879 5426; baseline -0.001 -1"><span class='ocrx_word' id='word_1_436' title='bbox 497 5370 570 5426; x_wconf 82' lang='lat' dir='ltr'>om.</span> <span class='ocrx_word' id='word_1_437' title='bbox 695 5398 706 5425; x_wconf 83' lang='lat'><strong>.</strong></span> <span class='ocrx_word' id='word_1_438' title='bbox 1418 5382 1422 5391; x_wconf 94' lang='lat'>·</span> <span class='ocrx_word' id='word_1_439' title='bbox 1586 5382 1587 5385; x_wconf 9' lang='grc' dir='ltr'><strong><em>κ</em></strong></span> <span class='ocrx_word' id='word_1_440' title='bbox 1826 5368 1879 5405; x_wconf 90' lang='lat'>-·</span> 
     </span>
    </p>
   </div>
   <div class='ocr_carea' id='block_1_12' title="bbox 0 0 2587 6660">
    <p class='ocr_par' dir='ltr' id='par_1_21' title="bbox 0 0 2587 6660">
     <span class='ocr_line' id='line_1_42' title="bbox 0 0 2587 6660; baseline 0 0"><span class='ocrx_word' id='word_1_441' title='bbox 0 0 2587 6660; x_wconf 95' lang='lat' dir='ltr'> </span> 
     </span>
    </p>
   </div>
  </div>
 </body>
</html>
