5150 6667
738 657 819 739 170
888 629 1227 722 VINDIC.
1289 637 1528 766 nULL.
1590 641 1871 766 'ronne-
1910 553 2150 744 Dhsr.1.
2235 689 2277 708 ··
2348 718 2354 743 Ι

421 765 427 776 ’
523 813 544 892 j
607 769 611 778 '⁵
728 779 900 881 Terin,
918 804 1065 886 quem,
1088 808 1201 864 num.
1233 807 1297 881 14.
1320 783 1426 872 citat
1441 809 1495 869 ex
1508 813 1547 895 q.
1577 813 1675 897 ¹27··
1698 790 1879 898 ejusdem
1900 795 2110 900 libri‚·ubi
2132 806 2281 914 quaeri·
2426 864 2428 868 -

523 945 529 952 ·
728 929 820 992 tur:
839 904 932 1016 quid
950 899 1175 1016 demonstror
1193 901 1264 990 hor
1275 929 1484 1009 pronomen
1507 905 1616 1005 hoc,
1634 902 1722 992 nim
1740 913 1879 997 dicitur
1897 951 1909 997 .·
1927 920 2024 1014 ,Ηοε
2043 921 2102 1002 est
2116 919 2281 1034 Corpus

638 1026 651 1077 ·'
729 1022 897 1113 meum?
919 1009 1030 1107 Nam
1044 1049 1156 1106 num.
1187 1047 1221 1100 1.
1245 1019 1488 1122 resolvitur,
1511 1023 1623 1133 quod
1643 1029 1842 1136 “quando
1862 1031 2012 1119 dicitur
2029 1035 2108 1125 hoc
2124 1025 2282 1150 prono·

603 1187 617 1215 ·
727 1189 757 1240 η,
780 1175 874 1231 men
890 1145 994 1243 hoc,
1026 1140 1160 1251 ipsum·
1176 1140 1246 1221 hoc
1269 1139 1326 1221 est
1348 1137 1625 1226 demonstrans
1644 1175 1656 1236 ;
1681 1149 1723 1228 &
1748 1148 1801 1254 est
1822 1155 1865 1234 &
1881 1151 2031 1262 Corpus
2049 1155 2281 1248 dicuntde-

727 1248 1000 1350 ›r'rnohstrare
1024 1290 1035 1352 ;
1059 1257 1429 1358 &demonstrabile
1454 1259 1527 1342 stat
1548 1260 1595 1368 in
1613 1261 1806 1370 praedi&o
1830 1274 2078 1377 pronomine
2100 1279 2208 1378 hoc,
2237 1287 2282 1366 ἀ

727 1427 754 1465 n
780 1383 1097 1469 demonstratum
1109 1377 1189 1497 ‚stat
1209 1376 1250 1458 in
1269 1374 1416 1460 ultimo
1425 1378 1671 1486 pronomine
1690 1411 1834 1485 meum,
1848 1388 1960 1496 quod
1977 1390 2019 1476 in
2034 1392 2185 1479 eodem
2200 1398 2279 1483 ins-

728 1544 754 1586 „
779 1503 882 1586 tanti
905 1502 976 1584 stat
1007 1527 1103 1583 cum
1126 1491 1517 1602 tronfirhstontiorione
1529 1499 1648 1605 ponis
1668 1499 1710 1581 in
1734 1500 1881 1612 Corpps
1902 1506 2041 1618 Christi
2053 1545 2066 1594 .·
2089 1511 2185 1602 ideo
2200 1518 2278 1602 hoc

729 1662 755 1704 η
779 1646 1011 1731 pronomen
1045 1619 1115 1698 hoc
1145 1601 1427 1728 demonstratu,
1463 1614 1574 1724 quod
1595 1615 1661 1702 hic
1684 1619 1800 1728 panis
1822 1618 1871 1707 fit
1893 1626 2278 1739 tranfirbstamiobilis
2293 1687 2324 1752 ι,
2408 1705 2415 1722 .

728 1781 755 1822 22
779 1743 820 1822 in
842 1768 976 1847 corpus
998 1731 1199 1840 Christrin
1221 1729 1368 1844 ultimo
1390 1733 1637 1842 pronomine
1674 1733 1948 1832 demordirato
1984 1772 2061 1857 per
2098 1751 2278 1860 pn’mum

702 1843 754 1940 ἠ
778 1841 1005 1968 molirive,
1024 1857 1065 1936 δ(
1086 1845 1347 1962 significative
1365 1889 1393 1931 n
1406 1850 1576 1961 :quibus
1590 1855 1723 1976 verbis
1738 1857 2005 1974 intelligitur,
2022 1867 2160 1982 quod,
2182 1875 2277 1959 chm

726 1977 851 2060 verba
872 1969 1185 2058 consecrationis
1208 1965 1494 2086 finteffeeiivo
1515 1972 1976 2083 transubstantiatione,
2016 1985 2061 2099 ly
2094 1991 2167 2099 hoc
2201 1989 2276 2080 de-

635 2121 637 2124 ·
724 2095 922 2198 monstror
945 2118 1095 2202 panem
1117 2088 1573 2192 tronfirbstantiabilem,
1605 2091 1648 2174 in
1675 2092 1825 2181 eodem
1846 2099 2038 2205 instanti,
2069 2132 2152 2214 quo
2177 2106 2277 2196 dici·

724 2233 793 2296 tur
814 2239 1046 2323 pronomen
1070 2211 1223 2308 merim,
1252 2204 1333 2292 effe
1356 2209 1750 2295 transubstantiatum
1770 2211 1984 2328 in’corpus
2007 2221 2162 2310 Christi
2184 2260 2196 2324 ς
2234 2237 2276 2316 ἀ

724 2331 818 2442 quia
840 2328 944 2414 dina
967 2328 1092 2414 verba
1113 2325 1266 2412 nedum
1288 2325 1380 2410 sunt
1401 2323 1622 2430 effectiva,
1649 2330 1719 2415 sed
1740 2333 2107 2448 etiamassertiva',
2139 2351 2183 2461 ὃς
2204 2347 2277 2435 de-

531 2530 536 2537 ,
697 2537 702 2540 ,
724 2451 990 2540 monstratum
1003 2472 1079 2558 per
1092 2445 1198 2554 ipsa,
1211 2445 1292 2553 star
1310 2447 1350 2527 in
1367 2449 1591 2553 pronomine
1606 2477 1772 2551 meum,
1795 2455 1898 2565 quod
1907 2457 1947 2539 in
1969 2461 2104 2544 eodem
2119 2465 2276 2573 instanti

714 2570 796 2676 stat
814 2597 896 2650 cum
919 2563 1310 2676 tranfirbstanriatione
1324 2565 1445 2672 panis
1466 2567 1506 2648 in
1524 2596 1660 2676 corpus
1681 2569 1716 2652 C
1715 2571 1819 2678 misti
1838 2605 1857 2676 ;
1884 2572 1978 2660 ideo
2000 2581 2201 2688 prolativi
2230 2592 2273 2676 &

723 2681 987 2798 fignificative
1023 2689 1253 2792 pronomen
1278 2684 1350 2764 hoc
1366 2740 1398 2784 ‚¹
1421 2681 1656 2792 ordinatum
1678 2691 1721 2771 δι
1756 2689 1930 2775 relatum
1961 2694 2012 2779 ad
2041 2725 2275 2808 pronomen

721 2797 874 2904 meum,
903 2801 1149 2887 demonstrat
1171 2827 1321 2911 corpus
1344 2799 1526 2904 Christi,
1558 2824 1755 2915 quatenus
1769 2809 1818 2892 in
1837 2810 1971 2920 ipsum
1991 2818 2049 2900 est
2070 2823 2276 2924 transubs-
2313 2873 2329 2900 .

720 2922 911 3006 tantiatus
931 2921 1046 3033 panis
1064 2946 1140 3030 per
1157 2917 1261 3003 difira
1280 2919 1430 3012 verbm
1455 2916 1486 3003 fi
1507 2924 1619 3006 enim
1640 2924 1727 3010 haec
1746 2927 2031 3037 proferrentur
2056 2938 2177 3048 super
2199 2942 2275 3028 alia
2308 2936 2320 2946 ’

720 3041 1029 3142 substantia,¹&
1051 3068 1134 3124 non
1156 3038 1278 3149 super
1298 3064 1431 3146 pane,
1463 3040 1533 3148 qui
1562 3042 1668 3126 solus
1689 3072 1743 3128 ex
1770 3045 1921 3133 Christi
1944 3051 2191 3144 institutione
2215 3065 2273 3146 est

462 3220 465 3227 .
596 3187 601 3197 ·
718 3158 1148 3258 transubstantiabilis,
1179 3185 1262 3242 non
1286 3153 1630 3245 demonstraretur
1655 3189 1806 3275 corpus
1829 3160 2007 3274 Christi,
2046 3195 2122 3261 nec
2149 3171 2274 3266 fieret

453 3311 461 3316 ·
608 3379 610 3382 Ι
718 3278 760 3362 in
787 3278 920 3388 ipsum
942 3243 1320 3376 tranmbstantiitio.
1529 3275 1533 3282 “
2092 3330 2106 3358 .

773 3395 907 3482 XXV.
931 3395 1094 3494 Postea,
1109 3423 1149 3477 n.
1173 3425 1211 3478 2.
1226 3390 1279 3478 fic
1304 3391 1443 3477 scribit
1463 3395 1668 3481 Lunum«
1686 3401 1796 3488 Item
1806 3403 1963 3516 quando
1977 3408 2131 3520 dicitur
2141 3416 2271 3524 hicest
2346 3442 2362 3458 ’

712 3554 740 3595 n
763 3516 901 3613 homo,
922 3515 983 3594 hic
1010 3508 1208 3624 fignificat
1241 3512 1454 3598 hominem
1480 3514 1550 3626 qui
1566 3519 1624 3600 est
1653 3519 1696 3605 in
1719 3521 1997 3628 illoinstanti,
2034 3530 2075 3612 in
2102 3558 2185 3641 quo
2207 3538 2264 3618 est

714 3671 740 3713 υ
765 3655 1021 3742 pronomem
1038 3629 1107 3715 sed
1122 3631 1204 3740 ipse
1222 3630 1349 3714 homo
1385 3659 1469 3716 non
1488 3635 1545 3718 est
1563 3631 1857 3727 demonstratus
1878 3643 1972 3730 ante
1990 3647 2041 3755 est
2057 3709 2072 3748 ,
2091 3649 2162 3734 sed
2177 3655 2267 3761 post
2394 3739 2398 3745 ,

713 3789 740 3830 η
766 3748 897 3858 ipsum
910 3750 980 3862 est,
1002 3751 1099 3834 chm
1115 3749 1168 3857 est
1192 3747 1372 3860 indigeat
1392 3750 1541 3837 habere
1562 3782 1690 3842 unum
1711 3760 1885 3864 instans,
1905 3767 1948 3848 ἃ
1970 3767 2080 3850 homo
2098 3768 2270 3864 aliud;i
2424 3864 2430 3876 ,

665 3891 670 3900 ·
710 3907 738 3956 η
764 3863 884 3951 finili
913 3866 1073 3978 quando
1116 3865 1291 3966 dicitur:
1313 3871 1384 3950 lzoc
1412 3870 1464 3977 est
1502 3869 1649 3982 Corpus
1678 3909 1813 3963 meum.
1839 3921 1866 3962 n
1901 3881 1952 3965 Id
1983 3887 2067 3985 est,
2100 3885 2270 3999 Corpus

549 4043 551 4047 ,
712 3983 862 4071 Christi
884 4016 967 4070 non
990 3983 1047 4072 est
1064 3983 1384 4070 demonstratum
1401 4046 1415 4089 ,
1430 4007 1476 4072 ut
1494 3987 1626 4094 dixit‚‘
1648 4023 1759 4082 num.
1786 4027 1821 4081 1.
1836 3995 1912 4084 nifi
1928 4001 1971 4086 in
1988 4003 2170 4109 instanti,
2185 4005 2269 4117 quo

710 4102 862 4188 dicitur
875 4132 1104 4212 pronomen
1131 4135 1285 4206 meum,
1313 4109 1597 4217 &propterea
1617 4113 2075 4230 subjungitimmediat&
2097 4157 2107 4207 r
2134 4154 2161 4196 n
2184 4125 2270 4212 Sed

709 4261 737 4301 n
761 4221 851 4304 talis
874 4217 1094 4307 srmilitndo
1114 4253 1196 4309 non
1211 4226 1267 4308 est
1285 4218 1506 4312 similitudo
1521 4224 1788 4340 simpliciter,
1813 4235 1884 4322 sed
1900 4239 2124 4327 secundnm
2142 4238 2269 4356 quid}

709 4377 736 4420 n
761 4339 941 4448 quiahoc
956 4369 1107 4426 nomen
1120 4345 1229 4426 homo
1243 4346 1287 4426 ἃ
1301 4342 1418 4432 suum
1439 4346 1684 4453 subjenum,
1703 4353 1858 4442 scilieet
1874 4381 1996 4458 verus
2007 4360 2160 4465 homo,
2175 4364 2270 4449 sunt

707 4495 736 4539 n
761 4455 802 4539 in
830 4455 979 4545 eodem
1001 4459 1188 4563 instanti,
1216 4466 1259 4545 &
1279 4461 1332 4568 est
1356 4467 1399 4547 δι
1425 4487 1543 4552 verus
1573 4468 1703 4561 homo
1724 4474 1816 4557 sunt
1844 4474 1887 4558 in
1911 4476 1990 4561 aiio
2013 4479 2196 4583 instanti,
2223 4482 2270 4568 in

706 4597 735 4656 n
760 4600 841 4684 quo
869 4606 950 4662 non
986 4579 1042 4664 est
1064 4579 1157 4664 ‘hoc
1177 4607 1328 4666 nomen
1350 4585 1523 4668 hornozn
1561 4583 1684 4674 Unde
1707 4591 1794 4677 haec
1817 4595 1875 4678 est
1901 4593 2133 4685 differentia
2158 4600 2270 4687 inter

705 4693 810 4780 hanc
850 4694 1176 4808 propositionem
1190 4731 1203 4780 .·
1216 4695 1279 4804 hir¹
1299 4699 1352 4807 est
1370 4703 1513 4804 homo,
1547 4708 1588 4789 δι
1610 4709 1735 4793 verba
1769 4712 2193 4809 consecrationiszhoc
2214 4721 2270 4828 est

706 4811 855 4922 Corpus
881 4813 1038 4920 meum,
1071 4815 1183 4927 quod
1199 4844 1320 4901 verus
1340 4817 1467 4904 homo
1490 4879 1504 4922 ,
1543 4824 1614 4932 qui
1636 4829 1693 4912 est
1712 4826 2007 4917 demonstratus
2029 4863 2107 4946 per
2128 4837 2269 4941 illam,

667 4930 951 5017 ‘liceradhuc
982 4963 1066 5019 non
1101 4931 1152 5018 fit
1175 4932 1470 5021 demonstratus
1502 4937 1531 5022 d
1624 4943 1775 5035 dicitur
1803 4950 1894 5050 hic,
1916 4951 1989 5037 sed
2008 4953 2140 5040 soihr'n
2161 4953 2270 5066 dum

707 5049 924 5157 diciturrst
950 5034 1095 5153 honio,
1122 5052 1256 5136 existit
1277 5074 1415 5139 tamen
1442 5055 1486 5137 in
1508 5058 1549 5141 in
1606 5061 1707 5167 nti‚'
1724 5092 1805 5175 quo
1837 5065 1990 5154 dicitur
2016 5075 2111 5174 hic,
2147 5079 2189 5158 ὅ(
2219 5075 2269 5160 in

496 5180 513 5188 “
607 5187 612 5198 “
665 5189 666 5194 ‘
706 5167 782 5250 alio
802 5166 988 5267 instanti,
1006 5195 1089 5278 quo
1116 5168 1265 5253 dicitur
1290 5173 1342 5280 est
1362 5167 1471 5254 homo
1485 5205 1496 5266 3
1519 5175 1685 5288 Corpus
1718 5182 1870 5268 Christi
1880 5182 2020 5291 nero,
2051 5189 2164 5302 quod
2203 5196 2269 5278 est

608 5379 616 5384 ,
705 5281 1023 5369 demonstratum
1045 5313 1121 5396 per
1149 5286 1274 5373 verba
1308 5289 1654 5404 consecrationis,
1678 5325 1761 5384 non
1796 5303 1965 5409 existit,
1988 5317 2038 5393 ut'
2059 5309 2266 5396 terminus
