5150 6667
611 222 647 301 'q-
754 231 762 239 ’

560 639 1044 749 visuum.
1106 649 1295 748 v111.
1357 648 1635 770 §.TW
1767 661 1850 769 189

210 817 214 824 '
294 845 323 888 n
347 791 533 890 refellere
547 819 632 900 ,ut
655 793 817 898 dicam,
844 793 1037 908 quamdiu
1058 785 1367 906 externa'panls
1389 795 1544 907 species
1563 794 1702 883 divino
1731 801 1849 914 Mys-

294 963 321 1008 υ
347 923 452 1007 terio
476 923 518 1006 dt
540 920 836 1015 Sacramento,
859 914 982 997 itaut
1000 915 1177 1000 instituta
1194 913 1277 1014 est,
1293 915 1513 1016 subservit,
1527 916 1606 1000 hoc
1630 920 1688 1001 est
1705 945 1846 1027 quarn-

292 1082 321 1122 „
347 1037 416 1124 diu
437 1034 666 1124 venerabile
691 1033 1000 1120 Sacramentum
1022 1033 1070 1120 ed
1091 1091 1105 1134 ,
1136 1035 1215 1142 qui
1234 1059 1309 1143 par
1326 1034 1410 1134 est,
1431 1034 1660 1120 reverentii
1677 1032 1847 1124 asserva·
1901 1101 1912 1120 .

295 1197 323 1240 n
348 1178 442 1256 tur,
474 1161 515 1241 δι
537 1157 718 1240 extemae
737 1148 891 1260 spe'cies
907 1171 1082 1246 ,manent
1102 1149 1352 1260 incorruptas
1368 1178 1419 1236 eo
1438 1153 1604 1253 animo,
1625 1174 1674 1241 ut
1688 1181 1847 1265 oppor-

293 1315 334 1364 η,
348 1291 447 1360 timo
466 1295 656 1385 tempore
671 1267 961 1378 suscipiantur,
978 1265 1061 1354 esse
1079 1267 1160 1354 illle
1171 1273 1236 1370 ,dc
1254 1275 1494 1378 permanere
1509 1297 1659 1381 corpus
1674 1271 1849 1370 Christis

296 1434 323 1488 n
348 1413 389 1476 at
421 1393 553 1492 verb,
586 1390 657 1475 ubi
684 1385 784 1471 illud
814 1384 999 1470 divinum
1026 1388 1336 1474 Sacramentum
1358 1392 1402 1473 dc
1430 1388 1703 1498 Mysterium,
1735 1394 1849 1504 qnod

296 1551 323 1598 n
348 1498 399 1597 eo
422 1509 588 1595 nomine
610 1525 881 1618 praepatatum
904 1504 994 1601 est,
1021 1525 1066 1586 ut
1091 1504 1214 1614 pollit
1236 1500 1460 1590 salutariter
1481 1507 1648 1618 accipi,
1682 1539 1767 1596 non
1792 1539 1846 1598 eo

294 1669 323 1711 n
348 1627 478 1712 studio
499 1624 719 1714 asservatur
732 1649 863 1732 neque
885 1620 1083 1721 sumitur,
1106 1620 1176 1706 sed
1194 1620 1246 1706 ob
1265 1623 1689 1736 negligenterlrabitas
1702 1651 1847 1716 exter-

295 1787 323 1830 »
347 1775 419 1830 nas
442 1745 627 1856 species,
650 1762 722 1828 aut
742 1738 893 1849 alioqui
906 1737 1123 1826 commodi
1148 1737 1249 1824 sitini
1270 1770 1352 1826 non
1375 1745 1536 1851 potest,
1558 1773 1642 1830 non
1662 1746 1787 1856 debet
1805 1741 1850 1835 il

297 1905 324 1948 n
349 1865 469 1948 nobis
490 1860 619 1948 videri
639 1858 905 1958 incredibile,
933 1855 1058 1941 modo
1090 1855 1267 1942 divinam
1302 1855 1551 1969 pensitamus
1584 1865 1850 1973 potentiam,

298 2023 326 2066 n
351 1982 495 2068 Deum
515 1981 577 2065 his
604 1975 757 2074 casibus
780 2003 931 2086 corpus
953 1974 1068 2062 suum
1091 1978 1113 2060 d
1140 1975 1352 2086 speciebus
1376 1979 1557 2064 externis
1588 1981 1850 2085 subducere,

295 2141 325 2184 a
353 2106 395 2184 ἀ
421 2097 626 2208 pristinam
651 2096 767 2207 panis
789 2114 973 2178 naturam
992 2092 1050 2178 ad'
1065 2093 1150 2178 illas
1164 2091 1298 2180 redire
1316 2097 1556 2208 permittere
1577 2130 1588 2180 τ
1611 2100 1781 2209 perinde
1799 2124 1850 2196 ut
1902 2120 1906 2126 ’

238 2311 241 2318 ,
297 2261 323 2300 n
350 2218 489 2330 Virgae
513 2211 730 2316 n‘aturam,
768 2239 858 2323 quae
882 2211 965 2318 jain
997 2213 1038 2295 in
1069 2212 1302 2323 serpentem
1327 2209 1563 2320 transierat,
1594 2219 1636 2302 in
1666 2219 1709 2304 id
1736 2219 1850 2330 quod

298 2378 324 2418 n
348 2337 579 2436 ante‘erat,
601 2333 708 2442 jussit
728 2329 907 2429 reverti,
931 2329 1092 2437 quando
1115 2331 1181 2415 illa
1200 2329 1336 2416 divina
1357 2335 1529 2420 mutatio
1549 2337 1632 2442 iarn
1654 2337 1745 2444 illos
1762 2366 1849 2427 nou

295 2495 325 2538 η
336 2473 436 2542 'crat
455 2453 549 2546 usus
572 2453 784 2557 habitura,
803 2447 948 2557 quibus
970 2447 1161 2532 divinitbs
1185 2447 1378 2536 destinata
1393 2448 1526 2538 fuerat
1542 2493 1585 2536 η.
1602 2453 1672 2540 Ad
1691 2455 1771 2544 boc
1790 2456 1851 2540 ci·

298 2593 359 2658 tat
380 2573 439 2656 D.
463 2571 757 2682 Cyprianum,
784 2564 900 2677 serm.
927 2565 973 2650 dr
996 2566 1162 2676 Lapfis,
1198 2572 1240 2653 ὅ(
1262 2594 1354 2681 pag.
1381 2597 1477 2658 201.
1501 2571 1709 2673 advertit,
1738 2574 1859 2660 hune·

300 2691 417 2800 panis
440 2687 617 2812 reditum
629 2718 714 2774 non
738 2685 795 2768 ita
815 2679 1036 2769 necessario
1060 2681 1150 2771 fieri
1167 2706 1419 2795 opportere,
1435 2688 1532 2798 quin
1545 2692 1664 2775 Deus
1677 2715 1766 2800 pro
1788 2691 1851 2775 di-

298 2807 395 2892 vina
420 2807 486 2892 sua
509 2807 660 2892 viruite
683 2799 805 2915 possit
829 2798 938 2886 aliud
959 2802 1136 2888 efficere.
1161 2805 1343 2904 Suarez,
1365 2824 1425 2890 to.
1451 2830 1487 2916 3.
1511 2803 1553 2892 in
1565 2833 1612 2918 3.
1634 2835 1720 2917 par.
1746 2807 1848 2920 disp.

305 2951 372 3036 57.
396 2925 476 3010 sec.
510 2947 545 3034 3.
569 2924 749 3024 docens,
769 2919 865 3006 dum
882 2942 1204 3032 corrumpuntur
1221 2921 1404 3030 species,
1423 2927 1552 3007 creari
1569 2923 1758 3009 eamdem
1772 2956 1851 3010 nu-

300 3071 419 3132 mero
439 3041 616 3153 primam
638 3038 847 3126 materiam
869 3063 958 3146 quae
984 3062 1077 3126 ante
1097 3039 1446 3129 consecrationem
1457 3038 1535 3125 sirit
1552 3042 1622 3126 sub
1638 3029 1854 3151 speciebus

301 3159 555 3272 panis„dicit
572 3165 758 3246 veterum
773 3155 1023 3242 Sententiam
1038 3159 1088 3244 de
1111 3156 1245 3243 reditu
1264 3157 1486 3252 substantiae
1507 3160 1624 3268 panis
1646 3161 1852 3271 interpre-¹

305 3278 383 3364 tari
404 3273 519 3387 posse
544 3277 593 3364 de
612 3277 747 3364 reditu
772 3272 948 3380 ejusdem
968 3276 1159 3364 materie.
1181 3273 1331 3380 Aliiex
1355 3274 1470 3385 ipso,
1494 3276 1593 3387 disp.
1624 3301 1689 3400 55.
1712 3281 1789 3367 sec.
1811 3293 1851 3389 ξ.

301 3397 604 3506 supponentes,
623 3396 674 3480 ad
686 3392 927 3486 defitionem
941 3398 1126 3504 corporis
1140 3392 1294 3480 Christi
1306 3392 1377 3478 sub
1393 3394 1602 3504 speciebus
1616 3393 1707 3482 lieri
1723 3398 1858 3483 trans.

302 3513 604 3614 mutationem,
626 3543 708 3622 nnn
732 3510 951 3598 admittunt
964 3513 1096 3600 redire
1119 3511 1375 3625 substantiam
1386 3513 1504 3622 panls'
1516 3513 1567 3599 ad
1581 3519 1757 3601 nostram
1774 3544 1854 3601 nu·-

226 3629 231 3638 “
303 3633 544 3732 tutionem,
570 3631 645 3716 sed
665 3671 680 3733 ,·
702 3654 749 3716 ut
771 3631 853 3740 ipse
881 3627 967 3733 ak,
990 3631 1130 3745 Aliqui
1150 3627 1511 3741 moderniuufisunt
1526 3634 1855 3733 concederemor-

300 3767 376 3858 pus
404 3731 542 3857 Christi
562 3753 728 3835 converti
750 3746 790 3834 dr
811 3738 1137 3859 trnnfitbslsnrinri
1154 3753 1193 3833 in
1220 3746 1381 3854 nostrum
1397 3746 1645 3857 fitbstuntinm
1663 3809 1682 3852 ,
1700 3751 1854 3861 quando

304 3867 405 3952 illud
434 3871 787 3952 comnnnicamne:
817 3893 937 3974 quum
956 3867 1224 3966 sententiam,
1254 3851 1340 3952 ello
1365 3893 1449 3951 non
1476 3867 1766 3977 amplesiatur,
1788 3865 1854 3952 di·

307 3983 367 4070 cit
397 3981 510 4092 posse
546 3981 779 4070 confirmari
802 4011 855 4068 ex
883 3982 1082 4071 Dotlrina
1120 3984 1299 4095 plurium
1325 3982 1560 4070 Dostorum
1597 3984 1855 4086 tenentium,

306 4098 424 4212 posse
453 4101 814 4212 corptrs,Christi,
844 4122 892 4184 ut
921 4105 977 4186 est
1012 4105 1065 4197 in¹
1080 4107 1380 4203 Sacramento,
1412 4104 1598 4216 converti
1618 4104 1659 4187 in
1680 4101 1857 4213 aliquam

290 4219 597 4324 substantiam,
625 4221 722 4331 quin
745 4241 881 4314 tamen
899 4219 1016 4305 suum
1037 4222 1251 4333 proprium
1269 4216 1350 4304 elle
1372 4219 1582 4331 deperdat.
1836 4272 1857 4310 ι

367 4338 466 4420 LII.
491 4339 551 4423 Ut
572 4361 710 4426 autem
731 4339 842 4422 Lulli
863 4337 996 4424 sensus
1025 4341 1068 4426 in
1105 4341 1211 4426 disto
1239 4339 1385 4426 Textu
1406 4338 1551 4424 claribs
1576 4338 1858 4452 inselligatur,

307 4475 411 4544 noto
435 4482 530 4540 curn
551 4455 801 4544 Dostoribus
829 4457 1022 4549 iSuarez
1045 4458 1180 4546 relatis
1203 4455 1308 4542 diua
1329 4454 1429 4567 disp.
1459 4481 1523 4566 55.
1548 4455 1649 4542 dum
1669 4485 1859 4544 cursurus
2005 4488 2011 4492 ·

310 4594 465 4683 puntur
486 4575 640 4684 species
669 4574 974 4662 sacramentales
1002 4582 1043 4662 δε
1067 4571 1213 4662 definit
1239 4575 1297 4660 ibi
1317 4573 1398 4661 else
1422 4602 1570 4686 corpus
1593 4574 1778 4675 Christi,
1813 4601 1861 4662 ac

308 4687 493 4783 succedit
506 4721 611 4780 nova
623 4695 862 4795 substantia,
881 4688 972 4779 lieri
993 4696 1051 4782 ibi
1071 4697 1246 4806 aliquam
1260 4694 1529 4780 mutationem
1544 4752 1557 4795 ,
1571 4693 1698 4782 etiam¹
1715 4694 1755 4776 in
1769 4719 1863 4778 corr

307 4837 414 4918 pore
438 4809 593 4896 Christi
615 4835 740 4922 prout
752 4813 1103 4902 'sacramentaliter
1122 4815 1339 4912 exiliente,
1360 4833 1555 4922 quatenus
1576 4810 1771 4898 videlicet
1787 4805 1863 4924 deff

313 4923 406 5014 finit
433 4928 491 5012 ibi
512 4925 593 5014 effe
616 4930 967 5017 sacramentaliter.
988 4934 1105 5021 Noto
1127 4933 1250 5018 etism
1272 4959 1325 5016 ex
1338 4931 1425 5042 ipso
1448 4929 1602 5016 ibidem
1623 4931 1701 5013 sec.
1727 4951 1763 5033 3.
1782 4919 1865 5010 elic

306 5045 554 5132 sententiam
586 5051 609 5130 ὲ
644 5041 782 5132 mbltir
818 5050 1047 5163 Theologis
1070 5071 1280 5161 receptam
1318 5079 1345 5120 u
1375 5043 1488 5160 posse
1520 5047 1674 5132 scilicet
1714 5069 1867 5150 corpus

308 5201 342 5244 n
366 5162 519 5250 Christi
540 5186 587 5249 ut
612 5168 670 5252 est
700 5166 741 5250 in
766 5168 1067 5270 Sacramento,
1099 5168 1286 5260 conuerti
1320 5169 1362 5253 in
1385 5167 1559 5275 aliquam
1583 5159 1866 5260 substantiam,

309 5319 344 5366 u
366 5279 527 5382 etiamsi
546 5284 590 5372 in
613 5283 736 5380 Colo
761 5309 922 5400 maneat
943 5319 956 5384 s
984 5288 1097 5402 quod
1117 5287 1183 5398 alii
1203 5287 1349 5400 dicunt
1368 5283 1483 5398 posse
1514 5276 1701 5367 cbuvertl
1722 5277 1868 5376 secun*
