5150 6667
442 699 447 707 κ
755 582 1203 685 DIS‘SERT.
1265 592 1301 681 12
1364 596 1403 709 §.
1453 598 1488 683 1.
1817 618 1895 719 369

339 730 412 829 sua
430 761 515 826 arte
539 798 553 841 ,
581 738 878 849 consequenter
901 739 1072 849 requirit
1102 738 1275 823 activum
1303 798 1316 839 ,
1346 739 1573 848 pallivum,
1603 740 1646 828 dr
1665 747 1807 831 aslum
1845 748 1897 837 de

342 862 408 946 sua
431 861 549 960 linea,
573 865 616 943 δι
630 858 803 945 ideo-est
825 860 866 943 in
881 858 965 967 ipsa
981 852 1305 957 bonificativum,
1327 854 1612 961 bonificabile,
1635 867 1677 947 δι
1695 842 1899 951 bonifica-

340 1008 386 1065 re
409 980 428 1083 (
452 978 514 1063 his
535 978 648 1062 enim
677 977 848 1061 vocibus
869 973 1052 1061 breviter
1079 980 1121 1058 ἀ
1145 974 1324 1059 diuinae
1348 976 1673 1090 exprimuntur)
1696 1005 1817 1092 atque
1842 984 1897 1072 ita

341 1122 417 1210 per
437 1092 658 1182 bonificare
678 1095 779 1179 nibil
791 1090 902 1178 aliud
917 1092 1185 1205 intelligitur,
1208 1096 1329 1203 quam
1347 1122 1466 1209 agere
1485 1096 1674 1199 bonum,
1697 1101 1766 1184 seu
1787 1106 1899 1203 adm

342 1216 423 1327 qud
448 1217 596 1301 activus
617 1215 658 1297 in
680 1213 837 1299 ratione
859 1210 1053 1297 bonitatis
1074 1212 1156 1324 agit
1175 1211 1216 1295 in
1241 1214 1358 1297 suum
1379 1214 1573 1323 passivum
1596 1218 1637 1301 in
1660 1216 1805 1304 eadem
1829 1250 1896 1305 ra-
1979 1256 1982 1261 ·

339 1336 485 1435 tione,
518 1332 879 1442 &consequenter
909 1325 1134 1415 bonificare
1160 1332 1217 1414 est
1239 1330 1290 1416 de
1314 1354 1488 1443 utroque
1516 1390 1539 1435 ,·
1559 1340 1601 1420 ὅ(
1634 1338 1726 1445 quia
1758 1337 1896 1425 divina

161 1542 170 1555 ,
337 1451 499 1539 bonitas
518 1454 576 1537 est
595 1450 763 1560 ipsamet
776 1446 943 1535 essentia
964 1448 1078 1549 Dei,
1093 1453 1135 1533 δι
1158 1447 1209 1532 ad
1223 1449 1416 1536 eumdem
1435 1447 1560 1536 finem
1575 1454 1616 1537 se
1633 1454 1778 1557 habet,
1798 1456 1898 1545 ideo

242 1665 246 1671 ,
338 1593 424 1657 tam
445 1572 488 1656 in
503 1570 766 1683 generatione
783 1570 904 1679 qubm
917 1566 1190 1677 inspiratione
1209 1568 1402 1679 requirit,
1424 1570 1535 1679 qubd
1559 1568 1609 1655 stt
1629 1572 1744 1657 suurn
1767 1576 1895 1662 boni·
2042 1569 2049 1580 ’

338 1684 491 1776 ficare:
512 1688 712 1799 Adeoque
728 1687 851 1771 Pater
864 1687 904 1771 in
921 1684 1155 1801 generando
1173 1683 1370 1773 bonificat
1390 1688 1566 1791 Filium,
1586 1691 1746 1777 hocest
1760 1694 1905 1802 ipsum

339 1809 423 1922 agit
444 1809 613 1894 bonum.
649 1806 742 1891 Hoc
764 1802 898 1917 posrtb
917 1864 932 1906 ,
954 1804 1194 1917 subjungit:
1221 1835 1248 1874 ιι
1268 1804 1392 1919 Unde
1429 1808 1609 1917 sequitur
1629 1810 1742 1918 qubd
1768 1813 1896 1897 boni...

244 2017 247 2023 ,
336 1966 364 2008 n
390 1922 513 2012 ficare
532 1924 583 2010 fit
605 1924 656 2011 de
677 1920 924 2010 bonificante
940 1928 981 2008 δι
996 1918 1247 2008 bonificabili
1262 1922 1518 2028 formaliter,
1543 1932 1585 2011 ἀ
1608 1927 1721 2036 qubd
1734 1933 1894 2019 ratione

334 2082 362 2125 η
387 2040 480 2128 sinis
499 2042 549 2127 fit
571 2042 813 2153 personale,
844 2043 900 2127 ita
920 2041 1031 2152 qubd
1052 2045 1109 2127 est
1131 2042 1286 2144 Pater,
1310 2049 1352 2132 ὅ(
1371 2045 1430 2127 est
1450 2044 1579 2129 Filius
1598 2042 1893 2153 essentialiter,

333 2199 361 2244 n
385 2162 456 2247 sed
473 2164 680 2260 unumest
703 2162 744 2246 in
761 2160 882 2245 Patre
899 2182 947 2243 ut
961 2160 1107 2261 Pater,
1128 2166 1169 2245 ἀ
1189 2160 1298 2245 aliud
1313 2162 1352 2245 in
1368 2161 1476 2247 Filio
1491 2183 1539 2245 ut
1555 2164 1716 2266 Filius,
1745 2172 1786 2251 dr
1809 2170 1904 2275 hoc,

333 2319 359 2364 n
380 2283 538 2367 ratione
561 2280 826 2366 relationis&
849 2279 1112 2364 distinctionis
1127 2278 1260 2365 Patris
1276 2285 1317 2366 δι
1340 2280 1459 2363 Filii:
1482 2276 1586 2367 ficut
1603 2280 1769 2369 essentia
1783 2284 1890 2373 divi-

332 2440 360 2483 „
379 2430 431 2486 na
450 2462 463 2503 ,
483 2428 574 2511 quae
596 2400 666 2484 sub
688 2428 770 2484 una
790 2399 950 2482 ratione
975 2400 1031 2482 esi
1050 2398 1201 2499 Pater,
1224 2400 1365 2488 &sub
1379 2398 1454 2501 alia
1476 2401 1633 2485 ratione
1652 2405 1709 2486 est
1727 2404 1888 2509 Filius,
1995 2398 2000 2403 ’

332 2558 360 2600 22
381 2526 423 2604 ἀ
446 2521 518 2605 sub
541 2517 616 2603 alia
640 2518 801 2602 ratione
832 2516 1008 2627 Spiritus
1036 2518 1203 2601 Sanetus
1226 2578 1239 2619 ,
1268 2516 1357 2628 ipss
1372 2540 1639 2626 permanente
1660 2520 1829 2607 indivisi
1843 2566 1887 2606 ts·

334 2638 434 2733 Haec
463 2632 602 2723 scribit
622 2638 804 2737 Lullus,
832 2636 959 2746 quia,
992 2635 1086 2719 cum
1121 2636 1328 2736 bonitati,
1365 2664 1455 2746 quae
1481 2638 1541 2721 ell
1566 2636 1782 2725 essentialis
1801 2643 1888 2728 Dei

332 2752 532 2865 perfectio
556 2817 570 2858 ,
593 2785 669 2867 per
695 2757 735 2847 se
759 2754 1003 2853 conveniant
1027 2753 1204 2852 asliv'us,
1222 2753 1428 2864 passurus,
1452 2760 1495 2840 ἃ
1518 2759 1655 2859 astus,
1677 2755 1780 2844 ficut
1802 2761 1888 2869 ipsa

333 2876 391 2959 est
412 2873 625 2961 essentialis
647 2875 734 2960 Dei
751 2871 947 2985 persedio
967 2931 981 2973 ,
1000 2872 1054 2955 ita
1073 2870 1355 2982 adpessentiam
1378 2872 1464 2957 Dei
1495 2874 1674 2985 speslant
1704 2876 1791 2964 haec
1818 2880 1888 2965 sua

332 2991 552 3078 essentialia
570 2992 834 3084 correlativa;
859 2998 899 3077 ἃ
926 2988 1028 3075 ficut
1049 3018 1129 3073 una
1152 2993 1209 3073 est
1230 2988 1491 3076 essentialiter
1507 2992 1666 3079 bonitas
1689 2995 1731 3079 in
1763 2996 1885 3084 Patre

331 3116 375 3197 ur
397 3113 539 3216 Filio,
570 3115 627 3200 ita
644 3140 770 3197 unum
789 3112 846 3196 est
863 3111 903 3194 in
924 3106 1020 3219 ipsis
1042 3107 1303 3194 essentialiter
1320 3104 1570 3205 bonificare;
1599 3117 1641 3198 ἀ
1660 3108 1763 3197 sicut
1780 3113 1885 3200 divi·

333 3257 385 3313 na
406 3228 599 3333 essentia,
622 3228 803 3343 adeoque
832 3227 967 3312 divina
991 3227 1178 3329 bonitas,
1201 3227 1271 3312 sub
1291 3256 1373 3313 una
1394 3229 1550 3314 ratione
1568 3232 1625 3316 ell
1639 3230 1792 3335 Pater,
1811 3236 1884 3321 sub

331 3348 405 3433 alia
423 3348 582 3450 Filius,
605 3354 645 3434 ἀ
669 3350 740 3435 sub
762 3350 836 3434 alia
858 3345 1033 3459 Spiritus
1053 3347 1245 3429 sanstus:
1266 3346 1324 3431 ita
1344 3342 1565 3467 bonificare
1588 3347 1792 3436 essentiale
1811 3354 1883 3438 sub

329 3492 409 3551 una
430 3468 586 3553 ratione
609 3471 666 3553 est
685 3468 822 3568 Pater,
844 3473 886 3553 δι
904 3468 975 3551 sub
990 3466 1065 3551 alia
1082 3467 1140 3550 est
1157 3464 1301 3565 Filius,
1320 3470 1362 3550 ὅ(
1380 3465 1450 3549 sub
1466 3467 1539 3551 alia
1560 3467 1733 3577 Spiritus
1751 3472 1882 3556 Sanc-

328 3604 421 3679 tusa
444 3607 564 3697 atque
587 3588 644 3671 ita
665 3583 887 3671 bonificare
909 3584 1191 3672 formaliter&
1216 3580 1477 3667 esl'entialiter
1489 3586 1550 3669 est
1561 3584 1610 3670 de
1630 3582 1883 3675 bonificante

327 3707 370 3789 de
393 3702 644 3792 bonificabili
665 3704 925 3790 effentialitet
946 3703 1145 3811 sumptis,
1171 3705 1214 3784 ὅ(
1232 3700 1390 3785 ratione
1413 3696 1534 3802 sinis,
1556 3702 1599 3785 id
1617 3704 1700 3803 est,
1719 3706 1880 3791 ratione

325 3816 419 3905 finls
438 3817 489 3902 ad
508 3848 633 3929 quem
651 3823 690 3898 se
704 3822 829 3899 habet
841 3818 974 3898 divina
988 3816 1154 3900 essentia
1172 3845 1271 3900 cum
1291 3818 1480 3902 omnibus
1499 3820 1702 3905 attributis
1721 3827 1762 3905 δι
1782 3850 1879 3907 cor·

326 3938 505 4023 relativis
528 3932 828 4035 essentialibus,
856 3932 925 4043 qui
942 3927 1034 4015 finis
1051 3935 1108 4016 est
1122 3934 1337 4042 prouuuio
1359 3936 1478 4020 unius
1500 3937 1687 4023 Personae
1706 3938 1754 4022 ab
1777 3939 1876 4042 alia,

325 4056 462 4165 ipsum
491 4049 715 4139 bonificare
743 4052 800 4137 est
820 4050 1064 4162 personale,
1100 4072 1296 4159 quatenus
1316 4082 1411 4139 cum
1442 4056 1528 4164 ipso
1552 4051 1779 4142 bonificare·
1796 4085 1877 4144 una

327 4174 505 4260 Persona
518 4172 713 4284 producit
728 4172 867 4274 aliam,
891 4177 932 4257 dr
947 4166 1081 4254 ficsub
1098 4167 1251 4252 diversa
1265 4171 1420 4257 ratione
1438 4176 1650 4263 estomnes
1665 4176 1876 4272 Personas

326 4296 370 4379 ἀ
392 4291 485 4403 quia
506 4290 719 4403 produslio
738 4291 998 4401 personarum
1014 4290 1070 4373 est
1082 4315 1160 4397 per
1170 4289 1506 4401 generationem,
1529 4295 1844 4405 &spirationem
1858 4356 1892 4399 ,
1952 4318 1959 4330 ‘

323 4410 448 4514 ideo,
480 4432 527 4497 ut
547 4410 664 4525 supra
689 4411 885 4525 explicuit
906 4471 921 4519 ,
943 4402 1167 4497 bonificare
1189 4408 1313 4498 estin
1332 4410 1595 4530 generatione
1622 4472 1636 4515 ,
1669 4419 1711 4502 oc
1747 4415 1876 4527 spira-

322 4554 478 4619 tione·>
1124 4564 1132 4577 ·
1172 4564 1198 4627 ο

381 4653 486 4737 VII.¹
514 4654 577 4739 Ut
597 4654 840 4768 respoudeat
858 4655 1004 4743 Lullus·
1026 4652 1078 4743 ad
1097 4653 1319 4744 stcundum
1342 4656 1383 4742 uc
1406 4648 1574 4739 tertium
1589 4653 1799 4765 quaefiturn
1817 4654 1871 4743 sic

321 4768 510 4888 dsscprrit
527 4808 541 4856 .·
562 4776 658 4858 Item
674 4781 825 4891 quondo
843 4778 982 4862 dicitur
994 4838 1007 4878 ,
1021 4780 1124 4890 qudd
1133 4782 1250 4861 Pater
1265 4806 1341 4858 non
1353 4771 1479 4882 spirat
1492 4776 1671 4885 Spiriutm
1686 4778 1870 4861 Sunfflrm
1903 4805 1985 4867 Altus
2000 4808 2083 4879 Tar,

314 4920 388 4999 per
402 4894 908 5005 bmficaremugnficare,
924 4896 998 4982 &a
1021 4898 1099 4982 Sed
1108 4924 1179 5003 ptr
1198 4922 1329 4973 umore
1348 4890 1590 5001 suspendae
1607 4892 1763 4975 dicendo
1775 4892 1872 5003 fic:
1920 4886 2004 4969 ΡΨ
2017 4909 2050 4961 ⁴¹*
2192 4926 2197 4931 ·

264 5086 271 5091 .
318 5012 532 5094 Secundrlm
550 5042 694 5097 nonam·
712 5016 881 5124 regulam
892 5012 1103 5127 firbstuntia
1118 5008 1334 5119 transmittit
1354 5011 1514 5122 extrusa
1528 5011 1640 5122 fitam
1649 5008 1872 5121 stmili'rndi*

317 5158 401 5219 uem
423 5162 448 5231 J
474 5126 723 5241 &confidem
742 5132 1001 5244 diffinitionem
1023 5128 1253 5243 equalitatis
1268 5160 1277 5207 :
1295 5128 1410 5211 Unde
1420 5129 1616 5239 sequitu,
1638 5129 1740 5240 quad
1758 5132 1873 5215 Putet

313 5247 360 5333 iu
378 5248 572 5356 attigendo
606 5250 750 5339 Filium
773 5312 787 5360 ,
809 5250 852 5341 δ’
874 5254 1002 5339 Filius
1025 5254 1066 5337 in
1088 5245 1280 5361 diligemo
1301 5250 1453 5333 Putrem
1478 5306 1494 5351 ,
1511 5245 1665 5449 spirpnt
1690 5250 1871 5357 Spirinon

442 5364 556 5452 Tora.
588 5367 615 5453 Ι
625 5368 654 5454 Ι
664 5370 706 5453 ἱ.
1637 5392 1697 5453 aa
1775 5434 1780 5447 .
