5150 6667
729 677 809 762 232
880 640 1220 736 Vlumrc.
1244 665 1254 716 2
1282 635 1536 738 Luat<
1566 634 1851 738 Tomcssh
1883 637 2054 739 Dtar.
2086 632 2123 720 Ι.
2219 615 2222 632 '

725 787 1002 888 Bellarmino,
1022 783 1178 870 sensum
1201 804 1468 873 communem
1490 773 1806 893 Theologuruin
1827 757 2292 898 exponentefflerbani-

725 908 868 996 alicubi
890 933 966 990 uon
990 901 1059 1020 effi
1089 903 1304 1002 hominem,
1327 900 1439 1011 quod
1461 899 1573 988 idem
1603 900 1666 986 est
1695 925 1766 997 ac,
1786 898 1911 980 Deum
1932 895 2076 978 alicubi
2105 923 2184 978 rrorr
2203 894 2292 1018 effe

726 1027 912 1108 hominem
932 1080 947 1124 ,
969 1021 1036 1105 vel
1052 1020 1174 1102 Deum
1190 1018 1333 1102 alicubi
1346 1045 1423 1105 nort
1441 1016 1511 1131 effe
1529 1016 1714 1126 Christum
1728 1047 1746 1115 ;
1760 1019 1804 1098 ἀ
1816 1013 2114 1121 consequenter
2131 1038 2279 1098 verum

727 1143 784 1228 est
808 1199 822 1241 ,
840 1141 982 1224 Deum
999 1137 1150 1248 ubique
1160 1132 1250 1222 ‘esse
1268 1135 1509 1235 hominem,
1529 1161 1616 1244 quae
1639 1125 1804 1238 esPejus
1822 1129 2168 1231 contradictoria,
2181 1132 2280 1257 calm
2382 1220 2387 1228 ,
2420 1169 2425 1177 ·

726 1259 861 1344 sensu's
903 1255 973 1342 lit:
988 1253 1106 1340 Deus
1121 1313 1135 1353 ,
1153 1251 1224 1361 qui
1256 1256 1313 1338 est
1332 1253 1512 1362 ubique,
1541 1253 1598 1336 est
1617 1250 1773 1350 homo,
1787 1249 1853 1332 vel
1874 1248 1993 1332 Deus
2020 1248 2197 1356 ubique,
2219 1251 2286 1334 est.

728 1370 982 1485 suppositum
1000 1370 1289 1468 humanitatis,
1311 1370 1379 1454 vel
1399 1371 1618 1452 sustentans
1640 1367 1932 1450 humanitatem
1958 1366 2027 1448 suo
2054 1365 2148 1450 loco
2170 1367 2288 1478 exis-3

727 1514 888 1578 tentem
910 1523 921 1583 ς
947 1492 1015 1601 qui
1037 1491 1093 1574 est
1117 1488 1248 1572 seusus
1272 1487 1313 1572 iu
1336 1483 1449 1570 dicio·
1467 1508 1584 1570 textu
1606 1483 1765 1570 aLullo
1788 1485 2005 1584 intentur,
2036 1511 2162 1583 nam,
2184 1484 2286 1594 quia

729 1611 858 1697 ambae
890 1630 1043 1692 naturae
1065 1607 1157 1688 sunt
1180 1604 1303 1688 unitae
1327 1603 1369 1686 in
1396 1633 1479 1688 uno
1512 1600 1719 1714 suppofito
1751 1595 1950 1701 Christo,
1994 1597 2128 1704 asserit
2162 1627 2282 1685 veras

729 1729 818 1812 illas
851 1721 1152 1836 propositiones
1183 1752 1192 1804 :
1233 1721 1400 1829 Christus
1422 1725 1532 1805 homo
1548 1721 1611 1827 est
1634 1722 1742 1804 Deus
1764 1778 1777 1819 ,
1813 1720 1920 1802 Deus
1941 1718 1992 1824 esl
2011 1721 2120 1801 homo
2143 1717 2281 1830 Chris·

728 1871 821 1944 rus,
855 1841 1012 1950 &quia
1039 1839 1157 1926 Deus
1192 1841 1261 1924 est.
1275 1839 1459 1948 ubique,
1495 1836 1734 1946 dicitquod
1767 1835 1886 1942 Deus
1926 1835 2076 1945 ubique
2108 1837 2170 1920 est
2197 1835 2285 1943 ho·-

667 2057 671 2062 ,
728 1990 800 2046 mo
834 1959 1016 2046 Christus
1048 2017 1062 2056 ,
1104 1962 1145 2042 δι
1182 1957 1494 2066 consequenter·
1521 1957 1651 2040 solum
1682 1951 1858 2040 intendit
1888 1951 2000 2063 quad
2029 1952 2150 2039 Deus
2182 1954 2278 2040 ubi-

729 2105 810 2188 que
841 2079 897 2162 est
928 2071 1179 2188 suppositum
1215 2072 1511 2173 humanitatis,
1544 2075 1610 2158 vel
1637 2073 1855 2160 sustentans
1879 2071 2179 2174 humanitatem
2204 2072 2284 2156 suo.

729 2197 825 2282 loco
847 2193 1114 2279 existentem:
1133 2219 1277 2276 verum
1296 2189 1464 2301 quidem
1480 2193 1569 2292 est,
1592 2189 1739 2275 dictam
1756 2184 2084 2300 propofitionem
2103 2186 2185 2274 effe
2201 2186 2284 2274 fal,

731 2315 850 2412 sam,
878 2333 923 2394 ut
955 2311 1078 2398 docet
1117 2309 1428 2410 Bellarminus,
1465 2305 1495 2392 sr
1527 2308 1571 2420 ly
1600 2311 1736 2420 ubique
1759 2307 1909 2392 afficiat
1938 2308 2187 2407 hominem,
2226 2308 2285 2392 ita

730 2451 779 2514 ut
801 2423 1000 2541 significet
1022 2428 1315 2512 humanitatem
1337 2427 1486 2539 ubique
1516 2427 1685 2511 existere
1709 2457 1721 2517 ;
1761 2445 1802 2509 at
1833 2425 1875 2508 in
1902 2423 2010 2509 dioto
2041 2445 2160 2510 textu
2188 2425 2282 2508 nul·

731 2549 820 2632 lum
838 2548 894 2630 eli
915 2545 1111 2630 indicium
1124 2543 1357 2651 huiusmodi
1378 2539 1682 2658 significationis
1699 2603 1713 2645 ,
1733 2543 1829 2628 curn
1850 2540 2283 2654 expressedenotetut

732 2659 959 2776 significare
1001 2661 1145 2746 Deum
1175 2662 1325 2772 ubique
1357 2658 1437 2747 esse
1459 2659 1712 2772 suppositum
1742 2661 2001 2762 humanum,
2030 2687 2115 2746 non
2144 2683 2281 2746 autem

731 2781 882 2892 ubique
914 2781 1062 2866 habere
1086 2781 1224 2864 secum
1252 2781 1435 2880 unitam,
1453 2785 1496 2866 &
1514 2780 1665 2890 ubique
1688 2778 1928 2878 existentem
1954 2779 2247 2865 humanitatem
2269 2811 2283 2871 ε

636 2902 641 2916 ’
674 2927 679 2932 ·
730 2899 829 2988 cum
842 2895 966 2982 etlam
979 2896 1144 2985 aliunde
1159 2926 1213 2982 ex
1234 2897 1313 2984 hoc
1335 2895 1486 2984 eodem
1507 2898 1613 2984 libro
1633 2902 1675 2984 &
1693 2895 1778 2980 aliis
1802 2897 1920 3007 supra
1936 2893 2118 2982 adductis
2140 2896 2305 3007 aperte·
2472 2890 2477 2899 ’

732 3017 890 3103 constet
913 3074 927 3116 ,
952 3015 1085 3124 ipsum
1098 3013 1245 3100 sentire
1260 3016 1556 3100 humanitatem
1570 3013 1826 3100 Christiuon
1843 3011 1924 3099 esse
1940 3014 2102 3124 ubique.

791 3135 922 3220 XXX.
942 3131 1205 3220 Resumendo
1230 3133 1354 3246 igitur
1374 3131 1585 3244 praedicta,
1602 3129 1767 3231 videtur
1785 3130 1925 3241 aperte
1948 3135 2157 3232 constare,
2178 3133 2283 3216 Lul-
2309 3147 2316 3156 '

733 3252 820 3337 lum
838 3249 987 3346 tumin
1010 3251 1197 3359 praesenti
1212 3249 1316 3335 libro
1329 3252 1534 3362 Quaestion.
1545 3250 1661 3360 strper
1677 3249 1795 3361 Mag.
1812 3248 1978 3334 rentem.
1994 3271 2083 3341 tum
2105 3250 2147 3335 in
2167 3249 2284 3352 aliis,
2308 3275 2316 3288 ·

734 3387 875 3454 tenere
905 3365 1168 3474 Catholicum
1199 3369 1386 3453 omnium
1419 3368 1610 3468 sensum,
1639 3365 1872 3468 videlicet,
1907 3367 2018 3477 quod
2052 3369 2284 3454 humanitas
2481 3354 2482 3381 Ν

735 3483 888 3568 Christi
905 3511 987 3566 non
1009 3485 1065 3566 est
1088 3485 1264 3593 ubique,
1293 3483 1362 3569 sed
1385 3488 1543 3569 tantum
1562 3486 1604 3570 in
1627 3481 1898 3592 determinato
1918 3485 2042 3576 locor
2078 3487 2121 3567 lit
2144 3483 2282 3592 quoad

733 3601 989 3711 presentiam
1008 3601 1368 3701 sacramentalem,
1388 3601 1500 3712 quod
1521 3630 1671 3711 corpus
1686 3601 1838 3688 Christi
1851 3601 1965 3686 simul
1982 3603 2039 3688 est
2060 3601 2283 3692 tantumin'
2312 3609 2323 3640 “·

734 3713 901 3807 diversas
923 3717 1057 3820 locis,
1086 3717 1406 3828 &quodetiam
1427 3747 1504 3829 per
1529 3719 1613 3807 Dei
1634 3719 1863 3830 potentiam
1880 3722 2011 3829 potest
2028 3715 2110 3804 elle
2124 3720 2283 3827 ubique
2313 3727 2322 3739 ’

733 3835 1096 3936 sacramentaliter,
1118 3836 1160 3920 in
1183 3835 1579 3936 omnibusuidelicet
1597 3837 1696 3922 locis
1712 3834 2020 3953 corporalibtss,
2038 3865 2123 3920 non
2143 3856 2285 3922 autem
2315 3843 2322 3860 ’

734 3955 885 4062 ubique
909 3949 1010 4036 licut
1032 3953 1149 4038 Deus
1172 3985 1183 4047 ς
1212 3955 1305 4064 quia
1323 3939 1572 4040 immensitai
1588 3955 1675 4040 Dei
1691 3985 1776 4039 non
1789 3957 1923 4066 potest
1942 3954 2079 4042 eidem
2096 3981 2285 4040 commu·

713 4069 876 4161 iuicari.
898 4067 1042 4156 Docet
1063 4072 1186 4159 etiam
1207 4071 1317 4181 quod
1335 4071 1538 4175 Persona,
1558 4101 1647 4184 quae
1669 4073 1726 4157 est
1742 4071 1927 4160 Christus
1948 4074 2099 4175 homo,
2118 4071 2215 4158 chin
2233 4065 2286 4156 fit

736 4187 882 4286 Deus,
910 4191 951 4270 δι
973 4187 1097 4271 Deus.
1112 4185 1160 4272 fit
1179 4189 1357 4310 ubique,
1379 4193 1436 4276 est
1457 4191 1630 4301 ubique,
1649 4195 1692 4276 ἃ
1711 4187 1766 4276 stc
1783 4189 1968 4275 Christus
1981 4191 2109 4276 homo
2121 4193 2180 4276 est
2192 4187 2286 4274 ubi-

737 4331 844 4414 que,
867 4307 910 4387 δι
932 4303 1050 4388 Deus
1075 4306 1223 4416 ubique
1246 4309 1304 4393 est
1326 4307 1510 4392 Christus
1522 4308 1649 4393 homo
1664 4364 1678 4409 ,
1693 4308 1787 4419 quia
1803 4305 1947 4396 eadem
1965 4306 2145 4394 Persona
2161 4365 2176 4409 ,
2194 4333 2287 4416 quae

738 4421 962 4520 esthamo,
984 4424 1040 4508 est
1053 4424 1231 4534 ubique,
1251 4426 1294 4510 lle
1316 4425 1411 4512 haec·
1425 4423 1569 4511 eadem
1590 4423 1769 4512 Persona
1781 4425 1929 4537 ubique
1949 4427 2008 4514 est
2028 4420 2286 4536 suppositum

737 4537 1024 4640 humanitatis,
1055 4541 1272 4626 sustentans
1296 4571 1387 4628 eam
1408 4541 1705 4630 existentemin
1727 4542 1822 4630 loco
1840 4542 2143 4643 determinato,
2160 4569 2287 4654 quem

737 4655 896 4740 tantum
916 4653 1042 4744 docet
1063 4657 1199 4743 eidem
1221 4681 1459 4769 competere
1481 4692 1495 4756 3
1519 4689 1565 4746 ac
1587 4659 1762 4769 proinde
1781 4660 1823 4746 in
1846 4661 2036 4766 omnibus
2057 4655 2288 4746 concordat

683 4815 687 4824 ·
736 4801 835 4862 cum
857 4769 1080 4859 Catholicis
1103 4775 1380 4871 Dostoribusr
1404 4780 1499 4863 cum
1522 4799 1659 4864 autem
1677 4777 1781 4865 adeo
1803 4775 1943 4889 aperte
1964 4777 2138 4879 doceat,
2161 4782 2203 4862 ἂ
2217 4794 2286 4861 te·

736 4911 833 4978 neat
856 4917 908 4976 ex
930 4889 1135 4998 proferro,
1162 4892 1275 5003 quod
1300 4893 1453 4982 Christi
1473 4894 1700 4981 humanitas
1717 4924 1801 4980 non
1817 4895 1876 4984 est
1896 4895 2081 5005 ubique,
2107 4894 2180 4981 sed
2196 4915 2287 4978 tan·

738 5009 827 5095 tum
854 5008 896 5090 in
922 5007 992 5100 suo
1011 4994 1109 5092 loco
1132 5005 1428 5112 determinato,
1455 5009 1654 5100 sialicubi
1673 5011 1818 5098 modus
1845 5011 2042 5121 loquendi
2060 5012 2147 5120 ejus
2169 5010 2287 5098 vide-

620 5199 637 5228 „
737 5145 884 5223 retur,
907 5122 1038 5230 prima
1058 5122 1190 5225 facie,
1216 5125 1440 5230 dissonare,
1454 5130 1618 5242 equitas
1635 5130 1893 5241 postulamur
1909 5129 2038 5225 intell'
2172 5129 2291 5238 juxta

738 5237 1002 5342 catholicum
1023 5240 1182 5348 sensum
1197 5243 1246 5344 ab
1265 5243 1353 5358 ipso
1371 5245 1496 5350 toties
1518 5253 1560 5336 ἀ
1581 5244 1683 5344 adeo
1704 5266 1896 5366 patenter
1910 5146 2159 5478 expo&
2187 5361 2277 5451 m
