5150 6667
364 792 372 805 .
615 712 1471 835 D1·ss·ERT.·1V.§.·11.
1598 743 1603 754 '
1723 756 1810 839 407

260 863 405 962 tritum,
413 854 697 971 fitbslaatialem
713 859 977 947 &naturalem
996 862 1255 971 deficannm,
1271 859 1541 972 deificabilem,
1552 864 1593 953 dr
1604 868 1810 979 deficeret

263 986 333 1065 fiac
353 981 405 1089 est
422 978 676 1089 Beatiffimam
702 981 928 1062 Trinitatem
946 978 1149 1091 ,alioquin
1166 976 1333 1088 potestas
1352 1013 1429 1065 non
1448 986 1533 1099 effer
1553 988 1594 1069 in
1615 990 1728 1086 Deo,
1740 974 1811 1097 pler
1846 1073 1847 1078 p
1959 1066 1962 1073 .

262 1128 374 1213 quam
390 1096 979 1265 paffiteff‘deitasfitstentatu,
995 1126 1113 1208 neque
1140 1103 1316 1181 naturam
1331 1098 1549 1185 liaberetad
1567 1128 1776 1187 concretum
1796 1158 1824 1201 ‚-
1879 1168 1881 1171 -

258 1218 367 1329 quod
379 1217 431 1323 est
446 1218 580 1319 Deus,
603 1244 723 1325 neque
742 1218 781 1297 ia
799 1212 881 1323 ipsa
898 1214 1035 1299 deitate
1052 1215 1215 1323 potestas
1240 1212 1511 1325 lucrensium
1527 1218 1778 1324 definitionem
1796 1272 1809 1317 ,

260 1340 307 1420 erl
324 1335 427 1447 qndd
441 1336 482 1417 in
504 1329 584 1441 ipfit
607 1331 743 1441 deitate
761 1392 774 1433 ‚
792 1332 956 1440 potestas
971 1362 1048 1414 non
1062 1331 1149 1447 effet
1165 1334 1235 1414 lroc
1253 1390 1267 1430 ,
1281 1334 1476 1443 per-quod
1489 1334 1622 1417 divina
1637 1336 1811 1435 bonitas,

258 1445 1813 1678 stussusuulluusit{2tultellalaelulllusuu

263 1687 386 1777 cariat
406 1686 499 1795 quia
533 1685 686 1770 scilicet
708 1712 783 1795 per
800 1680 1082 1769 definitionem
1110 1684 1318 1793 potestatis
1353 1688 1501 1794 probat
1529 1683 1813 1784 assertionem,

263 1806 343 1913 quil
357 1802 407 1887 ad
421 1804 683 1913 quaestionem
702 1798 953 1912 propofitam
971 1800 1217 1913 respondet,
1231 1800 1424 1886 videlicet
1438 1838 1450 1885 .·
1465 1806 1573 1886 Deus
1590 1805 1703 1885 habet
1721 1799 1811 1911 infe

260 1919 853 2035 coeffirntialemfirltstantialem,
863 1916 904 2005 u
915 1920 1127 2012 naturalem
1140 1920 1390 2029 deficentem,
1403 1919 1665 2031 desirabilem,
1681 1916 1815 2005 &dei-

253 2040 402 2149 ficare,
419 2040 554 2145 toccu
573 2036 826 2147 Biatiffimam
845 2038 1085 2121 Trinitatem.
1210 2084 1224 2111 .
1592 2113 1620 2162 ·

319 2158 398 2244 uc
430 2154 534 2241 Sane
556 2156 645 2239 haec
675 2150 916 2264 responsio,
952 2152 1205 2265 fipaulisper
1229 2157 1500 2259 reficiatur,
1532 2184 1607 2265 per
1647 2155 1813 2262 seipsam
1859 2208 1863 2217 «

256 2276 320 2359 cll
341 2292 518 2384 patens,
546 2275 642 2357 cum
672 2273 831 2358 sensum
856 2274 972 2357 suum
994 2275 1174 2383 explicet
1194 2274 1336 2359 Lullus
1360 2334 1373 2380 ,
1403 2273 1596 2360 videlicet
1618 2268 1813 2359 deifican-

262 2411 372 2493 tem,
395 2387 694 2493 deificabilem,
717 2397 762 2476 de
783 2385 973 2477 deificare
995 2390 1077 2478 esse
1095 2392 1361 2477 beatissimam
1385 2392 1634 2477 Trinitatem
1653 2421 1668 2483 t
1693 2410 1813 2501 atque

82 2514 90 2528 ⁰
258 2508 331 2594 hic
353 2512 411 2595 est
432 2509 565 2595 sensus
588 2509 826 2596 solutionis:
850 2511 958 2592 Deus
979 2512 1092 2594 nabet
1111 2512 1153 2593 in
1168 2505 1212 2620 se
1229 2508 1483 2625 caefflntiales
1497 2506 1814 2621 ,substantiales,
1979 2544 1984 2567 ¹

260 2622 312 2712 di*
323 2628 522 2712 naturales
545 2654 622 2712 tres
638 2625 826 2738 Perfhnas
843 2686 858 2727 ,
873 2626 935 2710 vel
953 2628 1133 2728 Patrem,
1155 2629 1194 2709 F
1192 2628 1323 2729 ilium,
1346 2626 1579 2737 &Spiritum
1603 2628 1816 2722 Sane‘lum,

262 2745 332 2857 qui
340 2744 433 2853 fiant
452 2746 665 2855 deficatis,
687 2744 940 2854 deficabilis,
964 2742 1212 2855 &deificare
1255 2746 1356 2829 Non
1378 2749 1435 2829 est
1463 2745 1544 2828 ulla
1565 2742 1780 2827 difficultas
1801 2754 1816 2841 ⁴,

261 2862 377 2972 quod
412 2891 659 2975 unaquaque
686 2862 821 2947 divina
856 2862 1034 2947 Persona
1063 2865 1121 2947 est
1156 2862 1459 2963 coessentialis,
1487 2858 1747 2945 substantialis
1772 2860 1815 2941 de

262 2982 482 3075 naturalis3
505 2986 586 3093 quo
697 3011 765 3066 em
787 2982 937 3081 Pater,
962 2980 1090 3064 Filius
1113 3040 1127 3080 ,
1150 2986 1191 3066 te
1207 2981 1383 3090 Spiritus
1407 2982 1574 3063 Sanctus
1600 2974 1679 3061 lint
1703 2970 1818 3059 deifi-

263 3126 360 3183 cans
383 3160 397 3202 ,
417 3096 604 3186 deificabt
703 3105 745 3185 δι
774 3093 961 3183 deificare
978 3094 1056 3198 ,‘ut
1076 3098 1270 3208 exprimit
1294 3098 1460 3198 Lullus,
1480 3095 1720 3208 intelligitur
1742 3118 1817 3202 per
1854 3178 1856 3183 ,

264 3216 345 3303 hoc
365 3276 378 3317 ,
401 3213 499 3327 quiri
514 3213 706 3303 deificans
725 3220 782 3301 est
800 3215 918 3301 Deus
944 3216 1077 3325 primi
1102 3216 1369 3325 produslione
1390 3213 1622 3326 producens
1644 3202 1817 3309 D'eum,

259 3334 336 3419 seu
362 3363 559 3447 generans
581 3337 753 3427 Deum;
789 3330 1023 3429 deificabilis
1054 3336 1111 3417 est
1129 3334 1248 3419 Deus
1265 3335 1401 3445 pruni
1423 3331 1690 3443 produsliooe
1714 3354 1815 3438 pro-

233 3519 236 3525 ,
262 3449 431 3554 duetus,
450 3454 519 3537 seu
532 3455 649 3539 Deus
662 3455 823 3568 genitus
839 3484 850 3547 ς
872 3456 914 3537 ἀ
937 3448 1127 3537 deificare
1145 3454 1202 3537 est
1220 3456 1327 3535 auus
1346 3452 1395 3535 ab
1415 3472 1588 3559 utroque
1607 3474 1684 3558 pet
1702 3472 1839 3584 amo·

263 3597 356 3654 rem
376 3570 635 3680 procedens,
660 3574 880 3683 ambosque
904 3574 1149 3657 conpellans
1165 3562 1187 3663 ’ς
1213 3574 1257 3653 &
1278 3570 1321 3651 in
1348 3566 1428 3653 hoc
1452 3567 1566 3653 sensu
1588 3560 1669 3649 esse
1692 3562 1817 3645 intel-

262 3687 449 3800 ligendos
480 3686 772 3790 deificantem,
795 3686 1093 3789 deificabilem,
1127 3692 1168 3771 dr
1197 3682 1386 3769 deificare
1415 3684 1456 3765 in
1474 3684 1554 3767 hoc
1574 3701 1693 3764 textu
1709 3708 1813 3763 con-

263 3807 444 3892 vincitur
465 3836 518 3895 ex
539 3810 716 3910 eodem,
739 3809 833 3913 quia
851 3806 993 3910 aperte
1017 3805 1168 3887 dicitur
1197 3830 1269 3886 eos
1293 3798 1374 3886 effe
1396 3800 1562 3887 Patrem
1587 3855 1601 3899 ,
1631 3798 1815 3895 Filium,
1886 3880 1894 3896 ,

106 3903 120 3928 ’
171 3958 196 3991 r
262 3928 309 4006 ἀ
341 3926 542 4031 Spiritum
567 3920 800 4024 Sanstnms
831 3945 875 3997 ac
897 3917 1072 4023 proinde
1105 3917 1451 4029 debentintelligi
1485 3916 1696 4013 adsensu,
1732 3910 1814 4025 qud

263 4039 494 4148 specialiter
513 4035 627 4119 uiuis
646 4031 835 4117 Personis
850 4032 1127 4129 conveniuntt
1147 4057 1271 4142 prout
1294 4035 1577 4146 explicuimus.

323 4157 377 4239 X.
401 4155 570 4239 Neocli
596 4148 756 4237 necesse
781 4148 891 4260 qnod
910 4151 1002 4235 haec
1023 4151 1160 4235 omnia
1177 4153 1436 4261 explicentur
1452 4154 1493 4239 in
1512 4152 1573 4236 his
1598 4148 1812 4260 quantun-2

263 4272 368 4359 culis
390 4302 402 4365 3
430 4271 544 4383 quia,
568 4271 722 4357 nedum
742 4268 1175 4379 praesupponituntota
1188 4270 1370 4373 doctrina
1388 4270 1480 4357 data
1497 4271 1537 4355 in
1553 4271 1631 4355 hoc
1652 4267 1813 4365 libello,
1981 4306 1982 4311 Ν

262 4390 336 4477 sed
355 4391 481 4477 etiam
498 4386 682 4498 expressa
700 4388 742 4471 in
773 4408 858 4472 arte
889 4384 1101 4501 generali,
1133 4387 1327 4500 adquam
1350 4390 1611 4499 consequitur
1633 4405 1745 4468 totus
1767 4383 1816 4483 li*

259 4511 372 4603 bert
393 4514 436 4595 ἀ
468 4508 705 4620 quaestiones
728 4510 1057 4617 proponuntura
1078 4506 1182 4592 Viro
1213 4507 1360 4610 dallo,
1389 4509 1430 4591 in
1462 4526 1547 4590 arte
1570 4500 1748 4615 generali
1773 4506 1816 4585 δι

264 4624 475 4737 phrasibus
497 4626 610 4712 Lulli
626 4626 804 4718 initiam
828 4654 874 4710 ac
889 4622 1225 4735 proindesufficit
1238 4626 1416 4712 indicare
1432 4622 1590 4706 sensum
1609 4616 1677 4703 sud
1692 4620 1815 4731 pltea·
1853 4656 1873 4695 ι

261 4743 328 4845 si,
344 4766 393 4829 ut
410 4745 476 4853 ille
498 4745 745 4830 solutionem
761 4744 961 4857 intelligat
970 4774 989 4834 3·-
1001 4744 1178 4857 cumque
1199 4746 1240 4829 in
1262 4766 1348 4831 arte
1365 4740 1544 4854 generali
1566 4736 1816 4824 sufficienter

232 4868 250 4905 ³
265 4861 319 4949 sit
335 4862 615 4975 explicatum,
638 4862 810 4975 qualiter
822 4891 900 4975 per
916 4862 1181 4963 coetelativa,
1205 4861 1359 4945 scilicet
1372 4854 1586 4961 deificans,
1607 4852 1815 4941 deificabi-

264 4982 343 5084 lis,
367 4986 408 5068 de
429 4980 643 5085 deificare,
666 4987 709 5069 δι
731 4982 806 5065 alia
827 4971 969 5067 fimfiia
987 5041 1001 5083 ,
1020 4982 1295 5094 intelligantur
1317 4976 1460 5080 Pater,
1483 4981 1518 5063 F
1521 4978 1642 5073 ilius,
1663 4976 1704 5055 δι
1720 4968 1815 5079 Spi-

93 5136 96 5143 ·
265 5100 367 5187 ritus
386 5102 579 5203 sanstus,
594 5131 677 5185 non
696 5102 754 5185 est
771 5098 930 5187 necesse
943 5098 995 5185 ad
1016 5097 1327 5213 intelligentiam
1339 5096 1456 5204 httjtu
1471 5086 1708 5191 solertiouis',
1727 5088 1814 5173 ltaec

266 5220 405 5305 onmia
424 5220 492 5305 hle
516 5240 717 5329 repetere.
742 5218 882 5303 Porro·
898 5218 1107 5329 ptomodo
1120 5218 1232 5326 juxta
1254 5233 1438 5331 mentem
1456 5210 1592 5310 Lulli,
1617 5214 1658 5292 de
1681 5207 1817 5291 colin-

264 5358 407 5424 tenter
433 5337 670 5423 adsensum
699 5334 1081 5455 Sacrae1‚Sctipiutte
1104 5342 1146 5423 u
1169 5335 1379 5437 Battum,
1399 5336 1492 5418 haec
1517 5326 1790 5441 intelligantur
1802 5380 1817 5424 ,
