5150 6667
883 422 1062 449 mnu-.-
1097 435 1104 440 .

692 696 1486 813 *mserum-§.t
1846 721 1899 813 r,-

349 834 549 953 Patres&
567 841 802 943 Doctores,
825 840 1002 929 stabilitis
1017 840 1137 929 Fidei
1153 840 1390 927 veritatibus
1410 869 1462 923 ex
1480 840 1718 949 Scriptura,
1733 848 1776 927 δι’
1790 845 1897 929 Tra-

350 959 528 1059 ditione,
542 987 588 1049 ac
604 958 973 1062 Sensuucclefiae,
991 988 1058 1045 eas
1080 988 1132 1043 ex
1154 958 1302 1058 divinis
1316 956 1633 1067 persedioaibus
1648 958 1896 1045 ostendendo

349 1079 634 1187 explicarunt,
658 1084 699 1168 ὃ(
717 1072 953 1163 Infidelium
975 1077 1212 1187 difllpdrunt
1232 1073 1507 1181 objestiones:
1530 1103 1576 1158 ac
1595 1074 1767 1183 proinde
1781 1078 1904 1162 valde·

352 1196 643 1282 rationabiliter
664 1192 826 1279 alleruit
849 1195 991 1277 Lullua
1015 1223 1110 1283 cum
1124 1192 1256 1279 citatis
1271 1187 1896 1301 Doaoribus,suppofitaFide‚

330 1317 394 1413 ,a
416 1313 694 1411 revelatione,
717 1308 830 1420 pofl'e
852 1310 973 1395 Fidei
991 1310 1184 1421 Mysteria
1205 1308 1514 1393 demonstrari·
1564 1368 1571 1377 -
2016 1398 2023 1403 ,

418 1436 481 1509 16.
505 1427 610 1525 Sane
632 1427 773 1512 mirari
802 1426 1050 1515 sufficienter
1077 1454 1161 1511 non
1196 1422 1393 1534 poffum,
1429 1422 1541 1533 quod.
1571 1424 1693 1534 aliqui
1720 1427 1898 1513 Antores

353 1544 454 1630 adeo
469 1564 809 1629 commoveantur
817 1570 870 1627 ex
880 1544 1080 1627 Domina
1092 1542 1205 1625 Lulli
1218 1540 1404 1627 docentia
1414 1540 1564 1642 ,modo
1577 1541 1771 1655 predicto
1782 1544 1897 1654 posta

354 1662 473 1745 Fidei
505 1661 699 1773 Mysteria
717 1660 981 1747 demonstrari
1001 1663 1146 1745 ratione
1166 1660 1358 1760 naturali,
1375 1660 1472 1743 clun
1487 1659 1568 1743 hoc
1587 1656 1898 1771 idemexprefl'e

356 1780 502 1863 doceat
524 1779 581 1860 D.
597 1778 782 1861 Thomas
802 1776 939 1887 quodl
960 1804 1002 1875 4.
1018 1796 1092 1871 art.
1122 1771 1187 1857 18.
1204 1774 1373 1910 dicer·
1386 1774 1497 1884 qood
1515 1772 1546 1859 fi
1567 1774 1745 1887 disputet
1758 1770 1900 1881 Theo·
1978 1785 1985 1795 '

355 1898 471 2007 logos
495 1922 589 1979 cum
611 1892 687 1979 illis
709 1952 724 1995 ,
746 1898 811 2005 qui
831 1890 977 1977 nullam
999 1894 1236 1987 autoritatem
1255 1894 1466 2003 recipiunt,
1482 1910 1646 2000 oportet,
1663 1897 1720 1977 ad
1729 1926 1792 1979 ear
1804 1925 1899 1980 cau-

356 2012 592 2112 riacendos,
614 2012 670 2094 ad
688 2014 853 2094 rationes
874 2010 1075 2093 naturales
1090 2006 1304 2117 confugere.
1333 2009 1379 2093 Si
1400 2037 1498 2121 ergo
1522 2004 1713 2096 Infideles
1736 2008 1900 2121 poffunt

356 2152 431 2238 per
450 2130 629 2213 rationes
647 2128 846 2212 naturales
866 2126 1057 2213 convinci
1071 2123 1122 2209 de
1137 2126 1258 2211 rebus
1277 2124 1592 2235 Fidei,polsunt
1613 2128 1693 2211 istae
1711 2127 1901 2211 demons-

356 2246 485 2345 trari,
508 2247 603 2329 cum
621 2244 851 2351 hujusmodi
870 2244 1095 2342 intellectus
1119 2238 1193 2325 nifi
1208 2240 1547 2337 demonstratione
1562 2243 1645 2327 non
1658 2246 1909 2331 convincam,

207 2385 213 2395 ¹
290 2466 294 2471 ν
355 2380 433 2447 tur.
455 2362 500 2445 Si
518 2384 656 2447 autem
677 2360 908 2469 hujusmodi
924 2361 1030 2451 ratio
1054 2358 1243 2443 naturalis
1257 2359 1366 2443 valet
1387 2380 1531 2479 canoa
1545 2360 1654 2449 'tales
1680 2357 1901 2467 Infideles,

354 2481 505 2563 valebit
523 2482 646 2564 etiam
661 2500 804 2564 contra
817 2466 1082 2562 admittentes
1106 2477 1364 2560 autoritatem
1378 2477 1528 2561 sacram
1542 2506 1553 2568 ε
1569 2482 1612 2562 &
1635 2478 1906 2592 multomagis

355 2596 542 2705 proderit
560 2593 748 2682 fidelibus
767 2656 781 2697 ,
799 2618 850 2679 ut
863 2624 940 2705 per
961 2595 1138 2679 rationes
1154 2594 1354 2686 naturales
1376 2595 1699 2696 convincantur,
1719 2594 1901 2707 adeoque
1942 2596 1953 2701 ’,

357 2709 453 2821 ipfis
470 2712 797 2799 demonstrentur
817 2714 1009 2797 veritates
1028 2708 1175 2810 Fidei,
1212 2738 1308 2820 quas
1330 2702 1504 2796 credunt
1524 2769 1539 2812 ,
1560 2731 1685 2822 prout
1705 2712 1763 2796 ibi
1780 2713 1903 2799 docet

363 2828 614 2913 D.Thomas
630 2890 643 2929 ,
658 2831 898 2938 praecipiens
912 2828 1025 2939 quod
1048 2830 1088 2911 in
1111 2823 1270 2913 Scholia
1291 2829 1556 2943 Theologicis
1569 2886 1584 2929 ‚
1597 2849 1644 2933 ut
1662 2827 1905 2915 inducantur
1995 2824 2005 2845 ’

360 2940 568 3027 darditorea
590 2942 641 3027 ad
654 2945 1093 3027 intellettumveritatis
1108 2999 1121 3051 ,
1134 2970 1278 3051 oportet
1294 2949 1505 3031 rationibus
1523 2947 1636 3031 inniti
1648 3000 1662 3044 ,
1676 2946 1904 3053 investigari-

358 3062 461 3143 tibus
479 3063 649 3147 vertaris
670 3061 868 3160 radicem,
891 3056 932 3145 δ’
943 3059 1176 3169 facientibus
1190 3058 1289 3169 scite
1311 3119 1325 3161 ,
1348 3063 1531 3171 quomodo
1549 3058 1606 3169 fit
1626 3090 1782 3160 verum,
1802 3065 1907 3171 quod

358 3178 531 3277 dicimr;
554 3174 627 3263 nisi
650 3176 764 3261 enim
783 3177 839 3259 ita
872 3174 1068 3285 procedat
1090 3178 1317 3288 Magister,
1347 3176 1507 3267 auditor
1528 3176 1624 3259 nuit
1642 3174 1812 3285 scientia
1832 3180 1905 3263 ‘vel
1986 3265 1991 3271 ,

362 3292 573 3377 intellectus
592 3296 764 3405 adquiret
774 3291 850 3401 sed
868 3290 1009 3379 vacuus
1028 3292 1201 3402 abscedet
1222 3326 1235 3375 .·
1259 3292 1316 3377 At
1328 3294 1504 3379 rationes
1525 3293 1773 3404 icquirentes
1794 3298 1904 3379 veri·
2054 3370 2059 3381 ,

361 3408 453 3491 ratis
475 3406 654 3495 radicem
674 3414 716 3493 ὅ(
736 3407 930 3501 facientes
956 3410 1057 3495 scire
1076 3469 1090 3511 ,
1112 3411 1169 3493 ita
1189 3430 1236 3494 ut
1259 3438 1336 3521 per
1360 3440 1427 3497 eas
1450 3410 1680 3521 acquiratur
1701 3410 1904 3514 scientia,

354 3553 442 3608 non
466 3526 557 3609 sunt
574 3523 648 3643 nisr
662 3526 1056 3639 demonstrationem
1081 3527 1196 3611 &ibi
1216 3529 1300 3641 agit
1320 3528 1380 3611 D.
1396 3528 1580 3615 Thamar
1601 3527 1652 3613 de
1680 3528 1903 3613 rationibus

282 3714 285 3719 ,
358 3640 606 3749 adducendis
628 3664 771 3729 contra
787 3643 967 3727 distinstd
990 3642 1041 3727 ad
1058 3643 1299 3730 autoritates
1318 3650 1361 3749 dt
1369 3645 1580 3774 ‘discursus
1597 3674 1650 3733 ex
1663 3645 1814 3732 eisdem
1829 3646 1903 3730 de·

360 3757 512 3843 nuans.
537 3762 645 3846 Item
668 3762 750 3871 ipse
775 3762 816 3845 S.
832 3761 957 3845 Dea.
985 3788 1024 3845 2.
1043 3790 1080 3845 2.
1101 3784 1168 3873 qu.
1189 3786 1225 3871 3.
1244 3782 1319 3847 art.
1333 3788 1380 3869 ’9.
1396 3762 1447 3849 ad
1464 3792 1501 3845 a.
1515 3757 1695 3847 admittit
1708 3760 1903 3847 affensum

361 3875 535 3988 scientia
558 3880 666 3963 circa
686 3906 785 3980 ree,
814 3905 920 3987 quas-
933 3899 1122 3966 tenemur
1144 3879 1343 3972 crederet
1381 3885 1423 3965 ἀ
1445 3902 1519 3965 art.
1550 3908 1613 3962 to.
1634 3879 1689 3962 ait
1716 3910 1726 3958 r
1761 3915 1786 3960 n
1808 3878 1903 3963 Alio

362 4030 389 4073 η
412 3992 536 4077 modo
559 3996 1000 4105 ratiohumanapotest
1016 3997 1056 4079 se
1078 3994 1227 4081 habe're
1250 3996 1302 4081 ad
1314 3998 1568 4084 voluntatem
1581 3995 1784 4088 credentis
1798 4018 1902 4079 con·

362 4110 638 4219 „rsequenter
662 4112 774 4197 Cum
792 4112 904 4197 enim
925 4116 1065 4197 Homo
1078 4113 1201 4199 habet
1214 4138 1451 4233 promptam
1471 4112 1725 4203 voluntatem
1743 4110 1794 4195 ad
1811 4142 1902 4197 cre-

362 4263 390 4305 2,
415 4224 593 4316 dandum
606 4287 620 4333 ,
635 4228 767 4341 diligit
783 4229 1000 4335 veritatem
1021 4228 1251 4331 creditam„
1272 4232 1511 4342 &superea
1531 4230 1738 4341 excogitat
1755 4234 1902 4313 &am-

345 4382 389 4428 .n
413 4340 602 4451 pletlitur¹
615 4405 629 4445 ,
636 4346 678 4457 fi
697 4376 793 4457 quar
808 4349 973 4431 ratrams
993 4347 1050 4431 ad
1057 4350 1129 4431 lroc
1145 4351 1314 4437 invenire
1322 4348 1440 4457 potest
1458 4380 1469 4440 3
1484 4353 1536 4433 -ἅ
1551 4347 1745 4456 quantiam
1758 4345 1903 4432 adhoc

360 4500 388 4539 υ
412 4461 515 4545 ratio
528 4462 706 4547 humana
727 4492 809 4550 non
832 4462 1014 4551 excludit
1027 4464 1221 4553 meritum
1234 4466 1381 4567 Fidei,
1402 4464 1472 4558 sed
1493 4465 1550 4551 est
1569 4460 1727 4575 lignum
1740 4462 1902 4568 majoris

361 4614 389 4656 n
413 4578 551 4669 meriti
564 4610 577 4671 ;
592 4585 634 4665 δι
649 4579 701 4663 ad
724 4610 758 4663 1.
779 4579 880 4680 dicit
897 4612 910 4677 ε,
930 4582 1092 4691 quando
1112 4604 1249 4669 autem
1266 4584 1393 4667 homo
1409 4583 1532 4666 habet
1548 4582 1904 4665 voluntatemcre.

361 4734 389 4773 η
413 4692 537 4779 dendi
550 4724 606 4807 ⁴,ea
623 4756 637 4798 ,
657 4724 748 4806 quae
770 4699 861 4781 sunt
892 4696 1048 4801 Fidei,
1080 4726 1133 4784 ex
1158 4701 1239 4784 sola
1274 4699 1488 4783 autoritate
1517 4697 1687 4798 divina,
1725 4694 1903 4783 etiamst

360 4810 557 4917 „‚habeat
568 4815 748 4897 rationem
761 4815 1088 4923 demonstrativam
1111 4815 1166 4900 ad
1177 4810 1328 4926 aliquid
1347 4840 1515 4915 eoram,
1529 4816 1632 4924 puta·
1639 4811 1691 4901 ad
1698 4814 1777 4898 hoc
1793 4812 1903 4923 quod

360 4966 389 5021 ,υ
413 4930 470 5014 est
491 4928 634 5013 Deum
655 4927 765 5033 effla,
786 4926 1065 5043 non-,propter
1081 4934 1160 5021 hoc
1185 4932 1436 5027 tolliturvel
1453 4932 1693 5018 diminuitur
1709 4932 1902 5019 meritum

362 5084 388 5123 η
413 5042 534 5129 Fidei
547 5086 589 5126 n·
618 5046 739 5131 Patet
765 5049 975 5167 iuqueex
1004 5050 1062 5132 D.
1083 5050 1279 5155 Thoma,
1311 5048 1421 5157 quod
1441 5048 1592 5134 habens
1615 5044 1741 5133 fidem
1768 5047 1901 5153 potest

363 5158 414 5243 ad
435 5190 499 5247 res
517 5156 824 5265 fidei,.rationes
846 5166 1175 5261 demonstrativas
1198 5166 1395 5266 invenire,
1414 5163 1628 5251 &eisdem
1649 5162 1780 5275 potest
1801 5156 1902 5243 Infi-

365 5275 475 5367 deles
491 5280 770 5390 convincere,
797 5310 889 5396 quae
909 5280 1175 5407 estipsrffima
1196 5283 1308 5382 Lulli
1332 5283 1543 5381 Domina.
1573 5272 1899 5494 Ungeiividerur„
1932 5362 1937 5370 ,
2072 5336 2094 5354 .
