5150 6667
765 668 828 749 94
915 622 1256 724 VINDIC.
1318 554 2163 723 LuLL.-Ton.111.1)1sr.1.
2331 630 2352 691 λ

767 778 943 890 pacitate
959 775 1128 861 nattuali
1141 772 1297 876 ,datur
1315 770 1356 855 in
1379 766 1514 853 Patria
1535 788 1646 853 tanta
1661 768 1821 883 gloria,
1840 789 1989 879 quanta
2000 768 2246 885 requiritur,
2269 794 2318 857 ut

769 893 821 981 stt
842 896 963 1007 plena
985 900 1026 980 dc
1050 922 1132 981 non
1151 920 1278 994 vacua
1300 920 1311 981 ;
1332 908 1451 997 atque
1472 884 1528 971 ita
1555 884 2000 1089 dauu‘majorsgloria‚
2028 888 2150 996 quam
2171 887 2316 981 animae

769 1014 921 1101 minori
942 1012 984 1097 in
1006 1011 1228 1123 capacitate
1249 1006 1421 1095 naturali
1441 1036 1452 1098 ;
1475 1003 1625 1115 &quia
1644 1007 1821 1114 potesta
1856 1032 1913 1104 e,
1944 1004 2318 1115 qubd'animama-

769 1134 835 1241 jot
856 1161 940 1216 non
959 1130 1155 1215 meruerit
1173 1145 1326 1211 tantam
1347 1123 1553 1238 gloriam,
1573 1123 1640 1207 vel
1657 1122 1785 1207 etiam·
1798 1121 1909 1231 qubd
1929 1122 2062 1236 anima
2074 1123 2214 1208 minor
2228 1152 2317 1209 me-

771 1250 900 1336 ruerit
919 1249 1043 1359 plus,
1067 1248 1134 1331 vel
1153 1242 1361 1355 aequaliter
1381 1250 1426 1327 ac
1449 1242 1584 1327 anima
1604 1242 1761 1347 major,
1778 1238 1872 1325 ideb
1895 1262 1993 1327 tunc
2013 1299 2027 1341 ,
2059 1243 2156 1327 clam
2185 1242 2317 1327 anima

619 1400 638 1411 ’
771 1370 902 1474 maior
919 1396 1000 1450 non
1025 1363 1222 1449 meruerit
1242 1382 1397 1445 tantam
1411 1361 1616 1474 gloriam,
1642 1358 1708 1445 illa
1739 1360 1869 1465 maior
1894 1360 2024 1471 gloria
2049 1384 2133 1445 non
2155 1360 2234 1445 erit
2256 1388 2317 1445 ex

771 1484 928 1573 meritis
950 1543 964 1585 ,
987 1481 1057 1571 sed
1077 1511 1130 1567 ex
1154 1482 1335 1590 capacite
1355 1480 1550 1579 naturali,
1577 1475 1770 1563 videlicet
1790 1498 1837 1583 ut
1858 1476 1977 1585 plena
1999 1473 2054 1561 stt
2073 1478 2140 1561 illa
2157 1479 2318 1587 capaci·

724 1660 728 1667 ·
772 1626 833 1689 tas
853 1601 1055 1690 naturalis.
1077 1596 1146 1683 Ad
1170 1598 1274 1684 hanc
1294 1597 1459 1682 tacitam
1476 1598 1518 1680 in
1534 1596 1675 1683 Textu
1689 1596 1814 1679 citato
1830 1594 2101 1701 objectionem
2119 1596 2261 1692 Lullus
2276 1596 2319 1685 in

773 1721 918 1807 eadem
936 1718 1176 1831 quaestione,
1189 1722 1232 1801 ὅ(
1250 1714 1416 1827 quidem
1435 1713 1685 1825 respondens
1698 1712 1749 1797 ad
1766 1713 1883 1797 aliam
1902 1712 2199 1819 objettionem,
2210 1741 2319 1825 prat-

772 1838 1019 1925 tendentem
1032 1837 1205 1950 gratiam
1220 1840 1263 1921 &
1281 1835 1522 1921 charitatem
1539 1835 1580 1917 in
1608 1832 1741 1917 anima
1762 1828 1875 1941 posse
1896 1828 1977 1917 esse
1996 1826 2224 1932 infinitam,
2254 1833 2319 1916 sa-

796 1959 804 1976 ‘
826 1956 924 2041 facit
942 1985 1053 2056 num.
1083 1980 1119 2064 ς.
1143 1953 1282 2039 dicens
1303 1952 1448 2063 :Etstc
1477 1955 1643 2058 Sanc‘tus
1659 1952 1823 2057 Spiritus
1840 1978 1918 2033 non
1939 1948 2078 2033 limitat
2094 1952 2259 2066 gratiam
2276 1952 2316 2033 ie

757 1978 902 2158 {rinna
923 2072 1099 2186 quoadfe
1118 2133 1132 2173 ,
1145 2070 1221 2182 scd
1236 2073 1398 2169 anima,
1427 2100 1511 2181 quat
1532 2069 1583 2177 est
1592 2068 1745 2177 finita,
1777 2067 1915 2151 limitat
1935 2066 2053 2177 ipfism
2076 2069 2117 2151 in
2138 2070 2318 2181 qrtantdnt

563 2197 567 2206 “
755 2218 849 2277 ‘nott
863 2191 984 2302 potest
997 2192 1091 2301 plus
1112 2192 1272 2299 recipere
1285 2187 1493 2299 secundum
1507 2185 1619 2296 fuam
1641 2186 1885 2298 quantitatem
1904 2184 2150 2289 naturalem,
2179 2184 2221 2275 Cr
2243 2189 2324 2271 uir·

615 2299 618 2305 ⁵
772 2338 870 2397 tutet
882 2308 1114 2420 acquifita's,
1135 2304 1354 2417 &gloriam
1376 2306 1658 2411 determinatam
1671 2332 1742 2413 per
1757 2302 1937 2411 justitiam
1957 2306 2062 2405 Dei,
2081 2300 2122 2389 δ’
2126 2334 2199 2414 per
2207 2304 2322 2414 fitam

765 2428 1047 2538 prouidentiam
1067 2485 1081 2526 ,
1101 2428 1167 2537 qui
1187 2426 1314 2510 omnia
1336 2448 1464 2507 creata
1476 2422 1536 2533 fic
1562 2418 1775 2532 menfitrat‚
1802 2417 2136 2531 &comprehcndit
2151 2454 2234 2506 cum
2244 2419 2321 2532 suu

766 2542 956 2665 fiapitnria
973 2602 987 2644 ,
1001 2540 1104 2655 sicut
1123 2544 1251 2625 omnia
1272 2572 1356 2655 qua
1370 2538 1463 2651 sunt
1483 2543 1523 2625 in
1545 2565 1734 2651 tempore,
1768 2536 1957 2650 menfitrat
1979 2536 2020 2627 ἃ
2045 2540 2328 2649 comprehendit

772 2692 857 2768 cum
872 2659 947 2771 fita
973 2663 1193 2747 (eternitate.
1330 2767 1333 2773 Ι
1529 2702 1531 2705 ·

786 2798 794 2804 ’
833 2778 989 2886 XXIX.
1017 2777 1117 2861 Haec
1137 2778 1249 2862 Lulli
1270 2778 1471 2863 Doctrina
1493 2774 1634 2861 alludit
1656 2780 1698 2881 dt
1721 2772 1917 2863 coincidit
1939 2802 2035 2861 cum
2055 2776 2122 2860 illa
2141 2776 2322 2886 plurium

775 2894 1091 3008 Theologorum
1109 2894 1332 2995 ,videlicet
1353 2896 1462 3007 quod
1484 2894 1636 2980 nedtlm
1660 2897 1832 2996 merita,
1855 2894 2069 2981 sedetiam
2096 2894 2180 3003 ipsa
2214 2922 2326 3004 prat·

775 3010 960 3099 destinati
976 3014 1186 3099 substantia
1205 3018 1248 3099 ἃ
1272 3034 1413 3099 natura
1434 3074 1448 3116 ,
1476 3015 1579 3135 stant·
1589 3009 1757 3097 effectus
1783 3012 2179 3125 praedestinationis,
2201 3012 2256 3097 ita
2277 3032 2326 3097 ut

744 3229 749 3236 p
775 3152 961 3216 naturam
996 3131 1124 3241 ipsam
1160 3132 1372 3229 &merita
1407 3130 1591 3217 conserat
1617 3130 1736 3215 Deus
1755 3131 2023 3219 conformiter
2055 3128 2105 3215 ad
2120 3130 2322 3245 gloriam,

768 3241 898 3360 'quam
915 3249 1133 3359 unicuique
1163 3246 1460 3358 praedestinavit
1482 3279 1494 3351 5
1522 3270 1641 3359 atque
1674 3248 1729 3335 ita
1751 3250 1883 3335 sensus
1910 3249 2023 3336 Lulli
2039 3251 2119 3349 est,
2141 3248 2249 3360 quiid
2266 3244 2327 3335 'ex

776 3366 912 3450 divina
937 3366 1195 3477 providentia
1220 3367 1278 3450 ita
1303 3366 1530 3477 disponitur
1550 3365 1653 3451 ordo
1685 3368 1940 3477 rationalium
1963 3388 2233 3453 creattuarmn
2270 3364 2324 3451 ad

649 3480 662 3491 ⁴
774 3483 972 3595 gloriam,
987 3482 1098 3592 qubd
1112 3504 1253 3567 natura
1265 3484 1349 3593 ipsa
1362 3484 1587 3593 importans
1610 3486 1835 3576 naturalem
1850 3486 2116 3596 capacitatem
2136 3485 2322 3571 evehitur

776 3600 829 3684 ad
845 3599 1213 3709 correspondentes
1241 3600 1414 3686 virtutes
1435 3630 1480 3685 ac
1512 3604 1684 3704 merita,
1705 3623 1753 3687 ut
1770 3632 1847 3712 per
1871 3604 2060 3710 justitiam
2090 3602 2328 3691 conseratur

776 3716 912 3803 eidem
930 3717 1198 3803 determinata
1217 3718 1349 3830 gloria
1368 3751 1380 3801 t
1397 3749 1480 3804 non
1494 3718 1606 3831 quod
1624 3742 1767 3803 natura-
1782 3722 1866 3831 ipsa
1883 3750 1985 3831 pura
2003 3718 2052 3805 fit
2074 3712 2125 3805 ad
2150 3722 2323 3835 glatiem

719 3922 728 3937 „
774 3837 1110 3947 proportionata,
1125 3838 1194 3922 uel
1215 3832 1291 3947 ipss
1309 3838 1443 3949 aliquo
1480 3838 1605 3923 modo
1630 3838 1853 3942 debeatur,
1872 3839 1941 3925 sed
1970 3840 2025 3924 ita
2068 3838 2224 3951 tegitur
2249 3864 2329 3948 per

774 3955 1075 4065 providentiam
1090 4015 1104 4057 ,
1118 3977 1167 4040 ut
1187 3957 1455 4065 consequatur
1476 3984 1552 4067 per
1572 3956 1744 4070 gratiam
1767 3957 1834 4073 illa
1855 3956 1999 4043 merita
2015 4016 2029 4058 ,
2043 3979 2217 4067 propter
2235 3984 2327 4066 quae

775 4070 851 4183 ipfi
871 4072 1106 4159 conferatur
1137 4073 1204 4157 illa
1224 4074 1354 4187 gloria
1377 4134 1390 4175 ,
1412 4076 1490 4185 qud
1511 4076 1694 4184 plena&
1718 4076 1926 4192 completa
1944 4070 1994 4160 fit
2019 4096 2109 4161 tota
2117 4075 2327 4160 naturalis

737 4257 743 4269 .
775 4192 976 4301 capacitas
1003 4192 1169 4285 animam
1185 4211 1305 4303 atque
1339 4192 1425 4293 ita,
1456 4192 1554 4277 licet
1585 4192 1717 4277 anima
1734 4194 1871 4301 maior
1886 4195 1927 4278 in
1950 4214 2118 4297 nattua,
2142 4194 2327 4304 quamvis

760 4309 1195 4421 ,propterlibertatem
1214 4310 1339 4420 poffit
1350 4309 1476 4423 magis
1489 4309 1555 4395 vel
1574 4311 1890 4413 minusmereri,
1902 4314 1990 4397 imb
2001 4314 2136 4397 minbs
2151 4313 2327 4411 laeteri,

764 4426 898 4538 ,quain
926 4428 1060 4513 anima
1090 4429 1226 4519 minor
1256 4428 1298 4513 in
1328 4450 1504 4529 natura,
1535 4449 1582 4512 ut
1599 4428 1805 4544 “dirigitur
1833 4453 1969 4515 tamen
2002 4436 2046 4515 dc
2075 4432 2330 4547 gubernatur

775 4544 847 4630 sub
886 4544 1083 4632 infallibili
1121 4547 1208 4632 Dei
1237 4548 1405 4633 scientia
1435 4551 1476 4631 δι
1504 4546 1795 4655 providentia,
1829 4549 1882 4631 ita
1905 4547 1955 4631 de
1978 4546 2087 4633 sado.
2105 4568 2328 4649 meretua,
2386 4624 2390 4631 .

750 4662 947 4750 somnino
966 4662 1092 4749 libere
1116 4668 1158 4748 dt
1180 4664 1327 4774 absque
1350 4665 1429 4749 ulla
1451 4665 1751 4769 constristione,
1770 4686 1816 4750 ut
1838 4664 2073 4751 conseratur
2094 4664 2168 4777 ipli
2195 4665 2327 4778 gloria

774 4777 999 4865 secundum
1020 4781 1186 4881 merita,
1205 4776 1676 4892 qudplena,c01npleta,
1699 4790 1742 4877 u
1761 4782 2016 4869 satisfactam
2033 4786 2120 4891 ejus
2133 4784 2331 4889 nattualis

756 4980 759 4985 .
776 4896 978 5008 capacitas
996 4898 1221 5007 recipiendi
1245 4900 1440 5011 gloriarm
1455 4906 1496 4985 dc
1522 4902 1600 4986 hoc
1624 4900 1773 5002 modo,
1796 4900 1894 4986 licdt
1915 4900 2036 4989 denar
2053 4904 2197 4989 anbaae
2215 4914 2331 4986 tanta

774 5016 922 5129 gloria,
947 5036 1095 5127 quanta
1123 5018 1180 5100 est
1204 5017 1289 5123 ejus
1319 5018 1512 5103 naturalis
1535 5020 1757 5129 capacitas,
1790 5048 1872 5103 non
1898 4990 2015 5105 emtus
2037 5022 2081 5107 ei·
2103 5020 2332 5107 secundam

776 5130 1000 5339 natugfidb,
1033 5139 1077 5221 dt
1111 5162 1168 5219 ex
1198 5114 1477 5239 neutralibus,
1514 5132 1586 5221 sed
1620 5123 1842 5222 secundum
1871 5140 2017 5233 merita
2048 5140 2335 5255 pergratiam

776 5279 876 5361 aequ
925 5276 980 5341 ta.
1452 5300 1455 5305 ·
