5150 6667
506 659 511 668 '
600 645 660 732 'D
689 645 774 747 15
806 642 901 731 SvE
934 643 983 727 R'
1007 627 1062 727 T.
1122 626 1581 755 V-1·1·l.§.-1-1.
1791 679 1870 764 179

319 793 519 894 ¹materia,
550 817 634 876 non
653 788 993 874 transmutaretur
1012 784 1053 868 in
1075 781 1183 867 aliud
1206 803 1355 894 corpus
1376 778 1520 896 panis,¹
1545 777 1587 870 &
1610 809 1873 903 recuperaret

321 915 456 1027 prima
477 909 726 1008 accidentia,
755 933 844 1016 quat
867 898 1045 1002 dimisi-t»,
1071 901 1142 986 se'd
1175 901 1285 986 idem
1309 931 1459 1013 corpus
1478 903 1593 1013 panso
1611 915 1877 1016 praeexistens

318 1029 553 1144 persisteret
572 1033 613 1112 &
627 1025 905 1136 perseveraret
919 1019 970 1104 ad
983 1022 1194 1142 sequenter
1210 1023 1468 1106 mutationes.
1487 1023 1640 1125 Tertio,
1656 1025 1755 1111 dicit
1768 1030 1874 1122 Lul-

318 1153 398 1252 lus‚
420 1143 510 1234 fieri
529 1146 624 1230 novi
643 1143 757 1256 panls
772 1139 1098 1250 productionem,
1118 1159 1163 1222 ut
1181 1168 1233 1224 ex
1255 1139 1342 1248 ipso
1367 1139 1535 1250 incepto
1556 1146 1788 1254 corrumpi,
1804 1144 1876 1234 fiat
1957 1173 1960 1179 ’
1980 1160 1992 1176 ‘

322 1267 493 1354 nutritio
516 1263 694 1349 hominis
718 1257 973 1344 comedentis
1000 1258 1168 1342 host-iam
1192 1257 1385 1342 sacratarn
1412 1289 1423 1351 ;
1447 1254 1478 1342 fi
1501 1280 1637 1344 autem
1664 1264 1877 1350 substantia

321 1385 437 1497 panls
459 1385 584 1495 primi
607 1374 794 1465 conversi
812 1378 853 1462 in
877 1403 1026 1490 corpus
1043 1375 1196 1460 Christi
1219 1398 1404 1462 maneret
1425 1375 1466 1468 in
1490 1379 1769 1481 Eucharistia‚
1793 1411 1878 1468 non

321 1485 601 1614 requireretur
620 1525 750 1610 novus
768 1495 912 1605 panse,
932 1493 1001 1578 sed
1024 1493 1106 1601 ipsa
1120 1494 1330 1579 substantia
1343 1496 1601 1605 praeexistens
1616 1526 1692 1608 per
1710 1501 1767 1582 sul
1783 1528 1877 1584 cor-

321 1621 560 1732 ruptionem
570 1617 746 1702 nutriret
759 1615 985 1711 hominem,
995 1611 1035 1693 in
1050 1611 1163 1716 cujus
1178 1640 1344 1697 carnem
1362 1637 1686 1700 converteretur.
1706 1619 1877 1728 Quarto,

320 1737 475 1824 dicitur
497 1739 538 1819 in
559 1737 639 1820 hoc
664 1735 834 1831 Textu,
868 1729 979 1840 quod
1002 1717 1212 1814 substantia
1234 1731 1348 1840 panls
1378 1731 1477 1816 dum
1508 1736 1880 1822 transubstantiatur

321 1857 499 1941 dimittit
521 1883 565 1938 ac
590 1851 780 1960 relinquit
801 1851 867 1932 sua
891 1845 1139 1932 accidentia:
1164 1850 1373 1958 quomodo
1397 1872 1533 1935 autem
1548 1883 1594 1938 ea
1608 1854 1878 1967 relinqueret,

320 1971 466 2059 sicum
482 1967 573 2082 ipsis
584 1967 812 2081 persisteret
823 1965 1134 2051 vin'Eucharislia
1152 1962 1167 2046 ?
1191 1967 1335 2080 Quintil
1346 1968 1526 2067 ‚dicitur
1540 1972 1580 2056 in
1596 1973 1746 2059 eodem
1760 1977 1876 2058 Tex-

326 2109 403 2194 tu,
423 2089 532 2202 quod
550 2086 774 2174 accidentia
794 2105 961 2170 manent
972 2082 1058 2193 fine
1077 2081 1270 2192 firbjecso:
1286 2086 1495 2195 quom'odo
1513 2113 1649 2174 autem
1664 2107 1877 2191 manerent

311 2205 409 2294 =fine
431 2210 638 2316 subjecto,
663 2201 941 2314 sipersister'et
954 2229 1051 2286 cum
1073 2197 1167 2312 ipsis
1191 2203 1234 2286 in
1250 2205 1497 2290 Eucharistia
1519 2206 1631 2293 idem
1652 2209 1890 2318 subjectum

318 2327 541 2412 secundam
575 2328 691 2411 suum
713 2321 826 2408 else?
980 2373 984 2382 ·
1266 2355 1272 2368 ·
1769 2380 1774 2388 ,

376 2445 618 2532 XXXVIII.
646 2443 753 2526 Hinc
776 2467 956 2554 pronum
976 2441 1032 2522 est
1055 2439 1311 2552 cognoscere
1323 2441 1529 2551 laudatum
1548 2444 1775 2531 Censorem
1791 2461 1876 2531 non

318 2563 426 2649 recle
451 2559 625 2648 intulisse
651 2580 832 2645 notatam
851 2554 1177 2668 propositionem
1192 2586 1308 2645 exeo
1328 2557 1440 2669 quod
1454 2562 1563 2645 dicat
1577 2565 1726 2652 Lullus,
1739 2567 1778 2674 in
1794 2567 1876 2650 hoc

304 2682 490 2783 Texta,
506 2703 555 2766 ut
576 2698 692 2764 notat
706 2681 848 2788 supra‚'
869 2705 981 2759 num.
1004 2704 1068 2776 14.
1081 2677 1248 2760 eamdem
1260 2676 1510 2788 firbftontium
1518 2683 1637 2789 ponis
1650 2681 1737 2792 post
1748 2682 1875 2793 trans-

303 2803 559 2882 mutationem
579 2803 617 2882 in
640 2828 773 2904 corpus
792 2792 935 2904 Christi
950 2792 1052 2910 posti
1067 2797 1107 2876 in
1126 2795 1237 2878 atiud
1246 2827 1381 2904 corpus
1403 2796 1645 2906 transmutari
1666 2801 1874 2910 ,··quia-se-

317 2917 453 3002 cunda
472 2916 750 3000 transmutatio
767 2915 807 2998 in
827 2910 935 2996 aliud
949 2925 1098 3021 corpus
1118 2915 1276 2998 nonest
1299 2913 1564 3015 immediata,
1587 2914 1656 2998 sed
1670 2913 1871 3026 mediata;

318 3063 396 3119 nec
418 3035 628 3146 peragitur
651 3033 691 3116 in
714 3031 922 3115 substantia
941 3029 1055 3140 panis
1082 3029 1163 3134 jam
1186 3033 1413 3145 conversa,
1439 3052 1629 3142 tanquam
1652 3035 1829 3120 termino
1850 3040 1872 3118 a

319 3181 401 3262 quo
422 3213 436 3252 ‚
457 3153 530 3264 sed
555 3153 597 3234 in
620 3177 793 3258 corpore
816 3150 866 3232 in*
881 3148 991 3258 quod
1010 3145 1088 3230 fuit
1110 3147 1371 3232 transmutata
1394 3182 1405 3243 3
1438 3151 1530 3261 quia
1562 3151 1773 3235 substantia
1794 3182 1871 3262 pa-

275 3261 285 3268 ’
320 3271 516 3378 nisprimtl
532 3330 545 3370 ,
564 3269 852 3368 transmutatur.
865 3266 904 3350 in
920 3293 1069 3374 corpus
1088 3264 1239 3350 Christi
1253 3287 1299 3350 ut
1317 3267 1658 3377 sacramentaliter
1671 3271 1871 3366 existeno3

308 3385 507 3498 ficundo,
541 3387 639 3470 dum
663 3384 1184 3494 corrumpunturspecies,
1212 3413 1362 3496 corpus
1394 3385 1549 3473 Christi
1564 3448 1577 3488 ‚
1610 3410 1733 3496 prout
1763 3385 1871 3474 defi-

316 3495 419 3588 nens
442 3504 523 3590 esse
551 3502 892 3590 sacramentaliter
906 3551 923 3610 ,ς
955 3503 1243 3601 transmutatur
1266 3504 1307 3607 in
1328 3533 1481 3610 novum
1500 3531 1649 3614 panem
1664 3568 1681 3607 „
1701 3536 1790 3617 quae
1808 3527 1871 3591 ta-

315 3651 411 3706 men
436 3621 717 3706 transmutatio
740 3621 762 3702 a
785 3619 908 3704 Lullo
929 3648 1003 3706 nec
1033 3619 1182 3704 dicitur
1203 3619 1415 3706 converfio
1438 3648 1514 3708 nec
1546 3626 1870 3709 transubstantia-

314 3741 389 3841 tio,
407 3739 476 3824 sed
493 3769 591 3850 pura
605 3738 901 3826 transmutatior
919 3743 957 3820 ὅ(
970 3741 1075 3822 tertio
1087 3767 1215 3822 novus
1226 3740 1340 3849 panls
1350 3743 1637 3825 transmutatur
1651 3745 1691 3826 in
1704 3771 1869 3828 carnem

315 3857 604 3944 comedentis:
632 3880 751 3967 atque
776 3858 831 3940 ita
855 3855 1031 3953 dicitur,
1060 3857 1225 3941 eumdem
1244 3856 1495 3967 firbftontiom
1519 3862 1638 3967 ponss
1665 3862 1873 3972 transmu7

302 3977 393 4089 ‚tari
413 4038 426 4076 ,
446 3977 619 4062 mediata
640 3973 808 4084 quidem
822 3973 1155 4058 transmutatione
1174 4033 1186 4074 ‚
1207 3976 1298 4084 quia
1312 3976 1354 4058 in
1370 3977 1451 4086 ipsa
1463 3978 1590 4058 eodem
1608 3977 1762 4086 incepit
1775 3977 1865 4086 pri-

317 4121 385 4176 ma
398 4094 711 4193 transmutatio,
735 4091 784 4174 ad
800 4101 924 4204 otram
947 4093 1265 4178 'connaturaliter
1278 4094 1457 4178 succedit
1476 4092 1646 4194 secnnda
1663 4127 1672 4176 ε
1687 4091 1789 4179 srcut
1804 4095 1868 4180 di-

320 4212 428 4295 citur
451 4212 640 4297 eamdem
663 4210 832 4327 lre'rbatn
862 4213 952 4320 poll
981 4211 1379 4318 'transmutationem
1394 4215 1433 4296 in
1455 4223 1628 4298 ‘'carnem
1657 4215 1868 4299 arietinam

318 4331 573 4414 transmutari
598 4333 637 4414 in
661 4357 826 4433 carnem
851 4329 1080 4438 humanam.
1105 4330 1197 4414 Nec
1221 4330 1332 4435 juvat
1352 4329 1502 4414 laudati
1518 4331 1711 4416 Censoris
1730 4333 1868 4417 inten-

316 4465 438 4548 tum,
467 4449 576 4559 quod
596 4449 635 4532 in
660 4447 801 4532 Textu
823 4447 1008 4547 dicatur,
1034 4446 1221 4531 eamdem
1245 4450 1497 4532 substantiam
1513 4447 1668 4560 panis,
1694 4479 1772 4558 per
1790 4463 1868 4534 no'-

315 4591 408 4648 vam
432 4566 809 4650 transmutationem
832 4567 873 4650 in
897 4593 1047 4675 corpus
1071 4567 1168 4650 novi
1196 4567 1344 4682 pansa,
1379 4582 1591 4674 recuperare
1615 4571 1742 4676 primu
1765 4572 1868 4652 occi-

316 4685 444 4788 dentia
456 4689 603 4792 panso,
626 4715 708 4796 quae
726 4683 950 4796 dimifitfine
966 4681 1138 4794 firbjec'so
1155 4717 1173 4789 ,·
1195 4685 1285 4794 quia
1309 4684 1458 4767 dicitur
1478 4686 1602 4793 ipsam
1622 4715 1865 4796 rectrperatt

236 4827 239 4832 ·
315 4803 452 4910 prima
471 4797 721 4902 accidentia,
741 4831 824 4885 non
845 4802 1009 4911 quidem
1026 4802 1065 4888 in
1085 4802 1234 4912 seipsa,
1257 4803 1324 4887 sed
1338 4803 1377 4886 in
1391 4831 1510 4886 novo
1525 4832 1657 4913 pane,
1682 4806 1721 4888 in
1742 4821 1866 4914 quem

314 4919 491 5006 mediate
506 4923 566 5007 est
580 4923 868 5007 transmutata:
893 4919 1040 5006 dicitur
1062 4923 1184 5056 etiarn
1207 4921 1377 5020 eadem,
1405 4936 1492 5005 'non
1506 4923 1545 5005 in
1562 4922 1772 5008 individuo
1794 4920 1866 5005 sed

315 5039 355 5122 in
379 5040 541 5148 specie,
570 5043 666 5124 cum
689 5061 915 5126 revertatur
937 5039 1080 5126 eadem
1103 5040 1260 5150 species
1274 5040 1391 5152 panis
1415 5036 1455 5124 in
1480 5070 1588 5126 novo
1611 5050 1713 5150 pan'e
1736 5038 1775 5118 in
1799 5037 1867 5122 in-

313 5157 481 5244 dividuo
505 5193 529 5262 ,ὴ
547 5164 587 5242 &
610 5157 775 5244 tandem
798 5157 946 5242 dicitur
974 5165 1215 5266 recuperare
1243 5157 1493 5257 accidentia,
1525 5160 1616 5268 quia
1644 5157 1683 5238 in
1716 5153 1863 5242 eadem

311 5277 471 5392 incepit
491 5279 624 5391 prima
646 5277 955 5390 transmutatio²
972 5277 1170 5392 ad‘quam
1189 5273 1705 5478 connaturalitersuc'czetlit
1722 5271 1864 5358 secun-

928 5451 931 5458 .
1657 5416 1685 5502 ι]
