5150 6667
663 734 1111 833 DISSERT.
1169 738 1248 829 VI.
1323 742 1362 852 §.
1436 742 1505 830 11.
1737 776 1820 851 411
1877 848 1892 879 υ

280 882 338 966 ita
367 897 436 979 nt,
457 876 524 961 vel
546 875 635 979 illa,
661 904 751 987 quae
772 878 895 962 habet
916 878 1036 966 Deus
1062 879 1102 962 in
1130 881 1169 963 se
1201 878 1471 967 coellentialia
1489 944 1502 985 ,
1523 886 1826 990 substantialia,

280 1004 324 1081 ὅ(
348 996 575 1103 naturalia,
597 1020 686 1104 quae
712 996 803 1079 sunt
824 990 1045 1096 deificans,
1073 993 1401 1099 deificatum&
1426 998 1643 1105 deificare,
1680 1004 1758 1091 fint
1784 1006 1826 1091 in

280 1110 379 1199 De'o
402 1109 536 1197 forma
553 1172 567 1213 ,
582 1114 750 1197 materia
772 1118 814 1197 oc
832 1114 1092 1220 conjuntlio,
1115 1115 1463 1222 quemadmodum
1478 1118 1521 1202 in
1543 1120 1701 1233 Angelo
1725 1156 1738 1217 ς
1759 1123 1826 1209 vel

280 1232 440 1333 forma,
461 1230 650 1329 materia,
667 1230 986 1335 &conjuntlim
1009 1258 1099 1340 quae
1114 1232 1206 1315 sunt
1226 1233 1292 1332 id,
1315 1232 1425 1343 quod
1442 1233 1621 1349 Angelus
1644 1238 1765 1326 habet
1786 1242 1829 1325 in

282 1353 321 1435 se
345 1346 626 1449 coessentiale,
647 1348 919 1447 substantiale,
940 1352 981 1431 δι
997 1350 1200 1452 naturale,
1224 1351 1314 1444 sunt
1328 1349 1512 1463 quaedam
1528 1354 1708 1441 Trinitas
1729 1358 1828 1442 Per-

281 1470 469 1552 sonarum
487 1465 530 1549 in
554 1464 743 1577 Angelo,
764 1464 1109 1577 quemadmodum
1131 1468 1172 1551 id
1187 1467 1206 1569 ,'
1224 1467 1335 1578 quod
1356 1470 1477 1555 habet
1495 1471 1614 1555 Deus
1642 1472 1830 1559 coeffen-

281 1585 375 1669 tiale
387 1644 403 1684 ,
417 1583 665 1670 substantiale
686 1588 728 1670 ἂ
742 1585 949 1687 naturale,
963 1588 1020 1670 est
1038 1585 1268 1671 Beatiffima
1283 1587 1465 1673 Trinitas
1483 1588 1712 1675 divinarum
1729 1592 1830 1677 Per·-

280 1703 483 1792 sonarum.
1783 1712 1805 1765 ⁶

340 1820 480 1909 XVII.
516 1819 606 1919 At,
634 1816 731 1903 licet
753 1817 905 1904 eisdem
925 1822 1111 1907 terminis
1128 1820 1179 1909 fit
1211 1816 1412 1935 concepta
1442 1845 1609 1935 utraque
1633 1827 1827 1937 quaestio,

203 1932 206 1938 ’
279 1968 364 2023 non
387 1936 531 2025 eadem
553 1937 667 2022 estin
689 1938 858 2050 utraque
872 1938 1169 2053 intelligentia,
1193 1972 1269 2027 nee
1293 1942 1437 2027 eadem
1453 1946 1509 2027 est
1525 1944 1730 2055 utriusque
1762 1945 1827 2028 so·

281 2058 399 2139 lutio.
427 2056 598 2141 Constat
616 2055 728 2139 enim
750 2052 1005 2142 coellentiale
1021 2056 1100 2144 effe
1120 2060 1231 2169 quod
1243 2059 1295 2143 ad
1309 2060 1496 2146 eamdem
1509 2060 1717 2147 essentiam
1732 2061 1827 2147 atti-

279 2196 378 2274 net,
402 2170 484 2258 five
510 2201 600 2257 eam
618 2172 928 2283 participando,
950 2174 1031 2261 sive
1045 2205 1136 2261 eam
1156 2178 1469 2291 constituend03
1495 2184 1535 2263 ὅ(
1560 2182 1651 2289 quia
1671 2180 1831 2280 forma,

279 2292 446 2377 materia
478 2296 520 2377 ἀ
543 2290 773 2397 conjuutlio
792 2290 834 2374 in
860 2291 1021 2405 Angelo
1047 2295 1236 2382 eamdem
1263 2296 1413 2409 Angeli
1440 2288 1651 2409 ellentiam
1680 2298 1839 2385 consti-

278 2432 429 2512 tuunt,
453 2409 547 2497 ideo
579 2408 773 2494 dicuntur
802 2407 1106 2507 coessentialem
1129 2415 1221 2524 quia
1240 2417 1341 2499 vero
1364 2406 1455 2500 tres
1472 2414 1616 2501 divinae
1639 2414 1828 2503 Personae

278 2529 524 2640 participant
547 2524 736 2613 eamdem
759 2526 936 2611 divinam
958 2528 1200 2633 essintiam,
1223 2536 1266 2616 ἃ
1289 2532 1380 2617 sunt
1402 2532 1545 2619 eadem
1565 2532 1763 2635 essentia,
1783 2536 1830 2619 li-

280 2648 350 2732 cet
372 2675 461 2732 eam
476 2675 558 2732 non
574 2645 840 2746 constituant,
863 2648 1209 2758 quemadmodum
1220 2648 1382 2753 forma,
1391 2652 1560 2737 materia
1578 2658 1619 2739 ἃ
1634 2653 1830 2760 conjunc·

278 2767 340 2851 tio
364 2766 612 2849 constituunt
624 2762 857 2875 Angelum,
880 2764 974 2851 ideo
990 2766 1274 2856 dictmturefl‘e
1288 2770 1387 2854 Deo
1406 2768 1706 2868 coeffentiales,
1727 2765 1829 2855 ficut

278 2886 402 2970 etiam
424 2881 775 2968 consubstantiales
791 2886 833 2965 ἃ
852 2887 1156 2989 connaturales,
1179 2888 1305 2996 quin,
1328 2886 1424 2971 licet
1437 2916 1516 2971 tura
1539 2885 1588 2975 fit
1607 2882 1828 2989 deificans,

276 3004 402 3088 altera
421 2998 678 3099 deificabilis,
703 3004 744 3083 δε
767 2998 891 3084 altera
910 2999 1131 3103 deificare,
1163 3005 1203 3089 se
1226 3006 1400 3088 habeant
1422 3005 1464 3086 in
1493 3004 1592 3091 Deo
1618 3025 1828 3114 tamquam

190 3110 196 3121 ’
276 3122 446 3222 forma,
469 3120 671 3219 materia,
708 3122 749 3201 δι
778 3120 1007 3225 conjunctio
1027 3180 1041 3221 ,
1064 3121 1134 3206 sed
1159 3143 1367 3231 tamquam
1399 3122 1586 3207 Persona
1601 3150 1829 3233 generans,

277 3239 438 3351 genita,
462 3244 504 3323 &
526 3238 695 3347 spiratus
720 3232 823 3319 ficut
843 3236 997 3340 forma,
1021 3240 1219 3341 materia,
1247 3244 1291 3326 ἀ
1310 3240 1540 3345 conjunttio
1563 3242 1603 3325 in
1634 3240 1828 3353 Angelo,

277 3355 377 3440 licet
399 3353 479 3440 fint
506 3352 827 3454 coeffentiales,
862 3378 1057 3465 quatenus
1092 3358 1281 3444 eamdem
1302 3356 1510 3443 effentiam
1547 3359 1830 3459 constituunt,

278 3471 359 3557 smt
398 3474 522 3559 etiam
541 3472 838 3572 substantiales,
866 3475 1010 3585 utpote
1033 3498 1168 3587 partes
1191 3476 1415 3560 substantia
1443 3474 1652 3583 ejusdemt
1684 3482 1725 3561 ἃ
1750 3472 1829 3565 srnt

276 3593 475 3679 naturales
498 3653 512 3694 ,
539 3610 684 3701 utpote
707 3620 760 3675 ex
789 3590 941 3680 eisdem
963 3598 1055 3695 est,
1083 3600 1124 3679 ὰ
1142 3623 1218 3705 per
1236 3594 1397 3680 easdem
1429 3612 1623 3701 operatur
1650 3594 1735 3699 ejus
1756 3621 1830 3677 na-

276 3731 394 3795 tura:
419 3740 502 3795 non
520 3706 699 3794 suntnifi
719 3708 881 3813 forma,
913 3713 1102 3811 materia,
1128 3718 1169 3792 δι
1184 3711 1415 3816 conjuntlio
1429 3708 1630 3816 ejusdem,
1653 3738 1733 3794 non
1754 3737 1828 3793 au-

276 3850 363 3913 tem
386 3826 572 3938 quasdam
591 3828 774 3907 Trinitas
795 3829 1067 3909 Personarum
1080 3824 1261 3931 eiusdem
1278 3824 1456 3913 ell'entiae
1478 3826 1710 3940 Angelicaet
1734 3828 1828 3911 sunt

275 3965 413 4028 tamen
433 3938 618 4052 quaedam
642 3936 823 4020 Trinitas
840 3942 1175 4025 correlativorum
1192 3945 1233 4026 in
1251 3944 1444 4057 Angelo,
1471 3972 1523 4027 ex
1541 3945 1685 4053 quibus
1703 3942 1825 4027 intel-

274 4064 401 4147 leilus
430 4056 511 4143 fide
535 4052 752 4166 perductus
775 4059 908 4165 potest
936 4057 1150 4144 ascendere
1173 4060 1225 4143 ad
1261 4059 1591 4177 cognoscendum
1613 4062 1822 4172 supremos

199 4216 206 4230 ·
274 4176 539 4263 correlativos
571 4175 610 4257 iu
629 4172 726 4257 Deo
745 4234 759 4275 ,
791 4176 861 4285 qui
881 4176 972 4260 sunt
996 4175 1151 4278 Pater,
1173 4178 1301 4264 Filius
1317 4229 1346 4281 ‚›
1361 4186 1402 4267 δι
1427 4179 1600 4290 Spiritus
1624 4180 1825 4272 Sanetusa

276 4295 389 4383 &ad
412 4296 491 4380 hoe
514 4291 767 4382 innuendum
789 4294 942 4380 eisdem
966 4293 1052 4381 fere
1075 4296 1212 4384 verbis
1237 4301 1424 4412 utrasque
1443 4298 1656 4411 proposuit
1678 4298 1822 4384 Lullus

273 4414 526 4541 questiones.
1062 4469 1065 4474 ,
1100 4441 1103 4445 ⁴

715 4699 962 4855 riuis
1012 4700 1197 4854 rou.
1254 4766 1384 4848 ιιι.
