5150 6667
757 479 847 637 urz
909 533 1249 636 u1un1c.
1307 527 1551 624 nunt.
1611 531 1762 658 ω.
1792 529 1892 621 111.
1932 535 2161 623 ursus.

760 693 871 775 dente
896 713 985 772 tunc
1006 682 1087 794 ipsd
1103 681 1316 794 firbstnntid
1331 680 1452 789 pants
1470 678 1529 761 ad
1545 676 1663 760 astum
1679 675 1838 788 speciem
1855 707 1925 788 per
1940 680 2044 762 viam
2058 682 2308 789 generationi

761 808 783 912 (
808 835 896 917 quae
918 801 1168 912 subsequitur
1188 799 1240 883 ad
1261 798 1348 905 ejus
1366 795 1709 907 corruptionem)
1734 798 1775 877 in
1791 824 1903 907 quam
1928 797 2141 906 (speciem
2154 807 2178 910 )
2193 829 2321 888 natu-

760 925 892 1008 raliter
908 919 1202 1030 transmutatur,
1219 917 1322 1028 ficut
1338 917 1378 998 in
1392 912 1553 1024 speciem
1571 916 1700 997 curnis
1724 915 1924 1014 Martini,
1947 913 2022 999 &a
2046 913 2088 1000 si*
2107 921 2179 1001 boc
2202 917 2319 1005 modo

586 1124 589 1130 ,
755 1040 874 1154 poffet
893 1043 1002 1122 homo
1032 1042 1154 1122 vivere
1179 1033 1392 1146 &pinguis
1403 1033 1496 1141 ficri
1520 1032 1567 1114 dt
1587 1031 1763 1139 pluribus
1784 1033 1912 1140 hostiis
1935 1029 1978 1117 δ’
1992 1037 2162 1140 panibus
2175 1033 2317 1144 fitero·

632 1232 642 1261 ,
758 1162 822 1240 tis.
846 1155 978 1240 ¹Unde
1000 1184 1051 1240 ex
1072 1174 1161 1240 toto
1186 1174 1383 1237 contextu
1405 1168 1520 1257 patet
1553 1148 1699 1256 quod,
1735 1150 1827 1257 quia
1855 1179 1998 1235 omnes
2022 1152 2315 1262 subsequentes

758 1273 1005 1360 mutationes
1026 1281 1067 1357 ὅ(
1095 1271 1354 1380 operationes
1373 1265 1690 1350 connaturaliter
1712 1267 2017 1380 consequuntup
2035 1269 2097 1352 ad'
2113 1271 2313 1379 primam,

758 1389 801 1476 in
824 1421 901 1502 qua
925 1391 1039 1501 panis
1062 1388 1270 1472 substantia
1284 1386 1361 1468 fuit
1374 1382 1567 1470 conversa
1590 1382 1630 1465 in
1654 1408 1804 1491 corpus
1823 1385 2001 1486 Christi,
2020 1387 2071 1470 ad
2093 1389 2219 1496 ipsam
2239 1416 2314 1501 pa-

758 1508 821 1593 nis
849 1509 1101 1594 substantiam
1123 1503 1381 1602 referuntur,
1401 1505 1442 1585 δι
1462 1498 1513 1584 de
1536 1499 1619 1608 ipsa
1638 1497 1856 1602 dicuntur,
1876 1503 2054 1588 mediati
2073 1506 2240 1614 quidem
2267 1517 2309 1595 dc

757 1629 914 1713 ratione
930 1626 1112 1736 corporis
1132 1651 1207 1734 per
1221 1621 1491 1705 mutationem
1509 1613 1584 1726 ipsi
1602 1617 1881 1713 succedendo
1901 1651 1982 1706 non
2006 1645 2144 1707 sutem
2164 1626 2313 1713 imme-

756 1744 863 1830 diate
883 1750 925 1829 dc
939 1746 980 1828 in
1000 1744 1145 1852 seipsa,
1166 1742 1257 1854 quia
1280 1742 1321 1823 in
1339 1739 1472 1848 prima
1498 1735 1727 1820 mutatione·
1744 1740 1986 1848 supponitur
2005 1743 2191 1826 totaliter
2205 1775 2310 1829 con·

754 1865 868 1947 versa
887 1921 900 1964 ,
933 1869 974 1946 δι
1003 1861 1136 1970 quoad
1154 1879 1283 1944 totam
1303 1854 1538 1953 essentiam,
1558 1859 1601 1938 ἀ
1622 1855 1723 1937 nihil
1736 1857 1908 1967 proinde
1924 1859 2096 1944 existens
2111 1861 2151 1944 in
2166 1864 2303 1974 seipsa.

778 2043 781 2050 .
814 1979 928 2062 XLI.
963 1978 1103 2063 Credo
1132 1975 1221 2064 sane
1244 1978 1450 2085 hucusque
1487 1971 1601 2056 dinis
1634 1993 1773 2080 patere
1793 2036 1806 2076 ,
1830 2006 1913 2061 non
1943 1975 2050 2062 resti
2078 1976 2226 2065 deduci
2255 2009 2310 2066 ex

651 2102 654 2109 '
754 2098 934 2182 textibus
950 2099 1097 2182 notatis
1121 2093 1481 2206 propositionemi
1501 2087 1662 2175 laudato
1685 2091 1867 2178 Censore
1887 2115 2095 2194 notatam,
2113 2097 2306 2185 videlicet

649 3124 654 3170 l

746 2215 995 2328 fiibstnntiam
1021 2218 1140 2324 panse
1160 2213 1368 2323 secundum
1395 2209 1507 2320 fisum
1527 2208 1596 2322 effi
1618 2239 1806 2295 remanere
1826 2214 1912 2320 post
1931 2216 2239 2322 consecrationem
2262 2221 2303 2300 in

753 2335 989 2442 Eucharistin
1020 2337 1118 2418 certo
1141 2333 1302 2444 quddam
1321 2330 1430 2412 modo
1456 2330 1589 2417 norst
1630 2327 1714 2413 imo
1738 2328 1974 2439 oppositum
2006 2332 2213 2418 menites&
2231 2334 2308 2419 dea

754 2449 851 2535 duci
869 2478 921 2534 ex
944 2449 1095 2536 eisdem
1131 2451 1338 2548 textibus,
1358 2445 1409 2530 ad
1435 2465 1677 2529 contextum
1700 2451 1742 2528 ἃ
1764 2447 1816 2529 ad
1845 2450 1956 2531 Lulli
1987 2471 2170 2534 mentem
2201 2451 2302 2540 adeo

752 2567 979 2676 expressum
1003 2569 1158 2652 collatis
1181 2599 1193 2659 3
1217 2597 1310 2650 nam
1333 2567 1375 2647 in
1393 2563 1528 2673 primo
1548 2582 1695 2661 textu,
1714 2584 1761 2645 ut
1779 2569 1973 2650 conflate
1995 2597 2111 2652 num.
2134 2598 2201 2678 ιο,
2218 2599 2302 2655 non

752 2685 876 2770 debet
898 2685 1096 2796 intelligi,
1112 2685 1223 2795 quod
1238 2683 1449 2768 substantia
1467 2680 1581 2789 panis
1595 2681 1774 2765 absolute
1789 2741 1804 2783 ,
1822 2684 1958 2785 nudd,
1983 2690 2025 2768 ἀ
2045 2687 2179 2796 quoad
2192 2689 2302 2772 suam

751 2825 937 2889 naturum
955 2802 1003 2886 lit
1017 2831 1166 2912 corpus
1178 2803 1358 2901 Christi,
1380 2806 1422 2886 δι
1442 2799 1581 2881 existat
1596 2798 1666 2881 sub
1682 2800 1767 2903 ejus
1784 2791 2088 2904 accidentib'us,
2108 2804 2178 2889 sed
2192 2805 2303 2917 qubd

742 2920 954 3032 substantia
970 2925 1089 3032 punis
1110 2919 1443 3030 trnnfitbstautiata
1462 2918 1503 2996 in
1524 2944 1661 3021 corpus
1683 2915 1717 2997 C
1716 2918 1820 3024 luisti
1835 2920 1888 3026 ess
1906 2950 2042 3028 corpus
2063 2922 2202 3027 christi
2222 2983 2238 3023 ,
2257 2921 2306 3009 ἆ·

749 3040 873 3146 txislit
885 3035 958 3150 sub
981 3038 1236 3122 accidentibus
1257 3038 1424 3146 corporis
1447 3032 1610 3146 Cbrtstit
1632 3033 1720 3116 haec
1734 3056 1870 3119 autem
1885 3035 2111 3146 propositio
2131 3041 2187 3122 est
2203 3066 2301 3126 vera

750 3160 793 3240 ὅ(
811 3155 1036 3255 catholica,
1055 3183 1225 3264 eamque
1245 3181 1389 3237 omnes
1412 3151 1709 3258 amplettuntur
1765 3176 1811 3237 ut
1825 3155 1924 3240 scit&
1947 3178 2062 3241 notat
2085 3156 2301 3242 Bellarnri...

748 3302 848 3373 nus,
863 3271 914 3357 de
938 3275 1186 3358 controvers.
1202 3293 1305 3356 tom.
1333 3300 1371 3353 2.
1385 3288 1573 3352 controv.
1600 3293 1635 3376 3.
1660 3211 1901 3356 de‘Sacram.
1925 3275 2146 3357 Eucharist.
2167 3277 2235 3358 lib.
2258 3307 2297 3360 2.

748 3417 838 3497 cap.
857 3395 895 3468 6.
916 3389 956 3472 iu
972 3383 1076 3488 fine,
1091 3391 1161 3474 ubi
1179 3389 1229 3472 ad
1256 3387 1528 3492 objectionem
1555 3412 1607 3468 ex
1621 3387 1798 3472 textibus
1816 3389 1872 3474 D.
1892 3390 2035 3474 Irenaei
2056 3391 2298 3499 exprimen-

747 3505 889 3603 tibus,
912 3531 1060 3612 panem
1087 3503 1167 3607 effe
1195 3533 1346 3612 corpus
1373 3502 1551 3601 Christi,
1572 3523 1620 3586 ut
1637 3503 1739 3588 infra
1767 3507 2018 3608 referemus,
2040 3508 2296 3617 respondet:

747 3662 774 3703 n
800 3623 978 3708 Irenaeus
1007 3650 1090 3706 non
1117 3619 1347 3734 fignificat,
1372 3648 1520 3729 panem
1546 3618 1786 3730 simpliciter
1817 3622 1900 3710 effe
1933 3653 2081 3734 corpus
2117 3625 2300 3731 Christi,

746 3781 774 3822 υ
799 3739 868 3825 sed
887 3767 1063 3848 panem,
1081 3741 1121 3824 in
1138 3768 1219 3850 quo
1241 3741 1380 3852 gratiae
1398 3742 1493 3821 aeae
1512 3739 1626 3839 sunt,
1648 3738 1792 3841 idest,
1811 3769 1959 3851 panem
1982 3738 2299 3848 santtificatum,

745 3897 773 3941 η
799 3864 841 3944 &
864 3857 1012 3944 fastum
1036 3858 1329 3965 Eucharistiam
1349 3916 1362 3956 ,
1384 3877 1431 3939 ut
1448 3856 1619 3941 Jullinus
1642 3857 1883 3967 loquebatur
1901 3891 1913 3942 t
1938 3863 2064 3970 porro
2079 3861 2193 3970 panis
2215 3861 2302 3960 sacr

745 4017 772 4056 η
796 3999 861 4062 tus
886 3975 1131 4060 Eucharistiu
1151 3975 1247 4062 ver&
1272 3980 1314 4060 &
1333 3972 1498 4084 'proprid
1521 3976 1578 4059 est
1600 4003 1750 4085 corpus
1774 3978 1937 4062 Christi.
1964 3979 2117 4076 Similis
2139 3981 2297 4065 locutio

744 4133 772 4174 22
797 4090 925 4191 esset,
947 4089 1079 4204 fiquis
1104 4089 1259 4180 diceret
1282 4093 1441 4204 :Virga
1458 4089 1614 4202 Moysrs
1629 4097 1821 4179 conversa
1840 4097 1883 4180 in
1906 4097 2125 4181 draconem
2148 4099 2298 4182 ambu-

744 4251 772 4292 s,
796 4211 904 4295 labat
919 4215 959 4293 ὅ(
980 4209 1222 4296 comedebat
1240 4244 1251 4304 ;
1276 4217 1318 4295 de
1333 4213 1468 4320 aquai
1490 4209 1654 4294 Christo
1677 4211 1718 4294 iu
1734 4213 1873 4324 ripum
1896 4216 2088 4299 conversa
2108 4216 2297 4300 colorem
2342 4280 2347 4286 -

746 4368 773 4409 η
800 4334 841 4414 ὅ(
860 4329 1044 4436 saporem
1062 4328 1146 4428 vini
1160 4331 1345 4414 habebat.
1359 4370 1386 4408 ι,
1406 4357 1460 4412 ex
1474 4328 1554 4412 hoc
1574 4325 1850 4440 infero,qubd
1871 4332 1975 4417 bene
1994 4334 2132 4441 potuit
2153 4333 2294 4418 dicere

745 4445 888 4530 Lullus
908 4443 1160 4531 substantiam
1183 4445 1298 4556 panis
1324 4446 1706 4532 transubstantiatam
1730 4450 1771 4533 in
1786 4478 1935 4560 corpus
1950 4450 2103 4536 Christi
2120 4451 2294 4538 existere

745 4564 815 4646 sub
839 4563 1113 4648 accidentibus
1134 4566 1318 4674 corporis
1335 4563 1599 4674 Christilpse
1623 4566 1889 4652 bellarminus
1903 4629 1917 4668 ,
1930 4569 2029 4652 ibid.
2049 4569 2118 4652 lib.
2145 4599 2179 4650 r.
2199 4597 2293 4678 cap.

750 4705 814 4781 14.
831 4681 868 4793 ᾗ.
892 4683 1218 4787 Decimus-tertius
1235 4742 1249 4783 ,
1268 4681 1320 4765 ad
1333 4682 1602 4786 objedionem
1623 4711 1675 4767 ex
1695 4714 1729 4767 1.
1746 4685 1938 4771 Corinth.
1969 4715 2031 4772 10.
2056 4689 2098 4771 &
2133 4685 2195 4769 it.
2218 4687 2293 4772 ubi

742 4799 1223 4910 aliquotiespEucharillia
1243 4820 1413 4883 vocatur
1427 4803 1573 4908 panis,
1592 4803 1715 4886 etiarn
1733 4807 1822 4911 poll
1840 4803 2213 4906 consecrationem,
2232 4801 2293 4890 fic

726 4919 906 5004 ‚scribitz
942 4941 966 4984 u
994 4915 1262 5022 Respondent
1285 4918 1503 5016 nonnulli,
1531 4921 1822 5005 Eucharistiam
1855 4922 1994 5007 vocari
2034 4951 2183 5032 ponem
2211 4951 2295 5032 per

740 5075 767 5115 η
792 5055 995 5142 tropum,
1023 5033 1112 5142 quio
1143 5030 1188 5116 lit
1210 5063 1262 5117 ex
1286 5060 1420 5142 pnne,
1450 5031 1533 5121 five
1564 5041 1657 5152 quia
1685 5061 1802 5138 antea
1827 5038 1906 5124 suit
1936 5041 2062 5147 panis.
2096 5039 2294 5126 Afferunt

739 5187 766 5232 η
790 5151 918 5238 mrdtu
939 5150 1434 5263 exemplu·scripturae,.ut
1456 5156 1683 5268 quodGen.
1710 5181 1747 5267 3.
1769 5159 1859 5243 Eva
1873 5157 2025 5247 dicitur
2041 5189 2090 5246 os
2106 5157 2292 5272 Adbmit

1094 5410 1139 5517 0

2131 6255 2458 6516 „l
