5150 6667
509 775 964 876 nrsrnnr.
1024 782 1265 895 rrae.
1318 786 1435 877 111.
1670 821 1761 909 391„¹

93 1030 96 1038 Δ
207 929 369 1032 anima,
389 924 421 1015 fi
439 949 618 1031 tamen,
633 924 729 1035 licit
749 924 991 1035 poenit'entia
1012 920 1062 1006 fit
1080 925 1180 1009 levis
1199 924 1241 1010 in
1259 954 1434 1038 corpore
1451 992 1467 1034 ,
1485 910 1678 1022 contritio
1710 942 1753 1023 δι

209 1048 325 1141 dolor
348 1048 390 1132 in
406 1049 539 1132 anima
551 1051 609 1132 est
630 1044 732 1153 adcb
756 1071 902 1155 magna
919 1102 932 1143 ,
952 1039 1063 1150 qubd
1076 1041 1143 1125 illa
1153 1041 1254 1129 levis
1274 1046 1514 1153 poenitentia
1531 1080 1606 1161 per
1618 1052 1754 1160 hujus·

209 1166 321 1260 modi
343 1164 642 1271 adjunctionem
661 1160 920 1271 ae-quipolleat
934 1158 1065 1267 culpae
1079 1218 1093 1259 ‚
1107 1179 1204 1245 tunc
1220 1160 1344 1247 etiam
1358 1162 1551 1249 liberatur
1563 1188 1757 1275 peccator

210 1285 371 1392 *apoena
391 1288 433 1367 ἀ
449 1284 573 1393 culpa
591 1314 605 1363 r
626 1310 708 1364 non
731 1278 894 1388 inquam
917 1276 959 1358 in
979 1276 1057 1391 hoc
1079 1275 1243 1361 videtur
1261 1276 1343 1363 elie
1360 1278 1473 1389 poll'e
1505 1279 1720 1367 difficultas
1741 1342 1757 1385 ,

212 1399 302 1510 quia
316 1401 441 1486 etiam
455 1419 625 1510 apparet
639 1416 799 1483 certum
822 1425 833 1487 ς
855 1400 897 1481 &
911 1392 952 1476 in
966 1392 1074 1477 hunc
1090 1394 1225 1478 casum
1245 1396 1444 1512 expresse⁶
1455 1420 1570 1501 tenet
1587 1394 1758 1487 lierito·

180 1519 332 1606 talem
353 1518 637 1607 liberationem
654 1514 884 1614 Henricus,
910 1509 1048 1622 quodl.
1069 1507 1341 1623 8.quaest.19.
1552 1584 1556 1593 .

253 1636 388 1729 ,XVL
410 1634 533 1721 Unde
559 1653 649 1720 tota
669 1630 885 1717 difficultas
913 1630 1011 1712 stare
1040 1626 1202 1714 videtur
1232 1630 1341 1717 circa
1374 1634 1551 1743 primam
1574 1631 1758 1721 affertio-
1862 1720 1865 1727 ,

210 1781 306 1837 nem
327 1784 341 1847 t·
364 1752 416 1837 ad
438 1753 552 1860 cuius
573 1748 880 1864 intelligentiam
901 1766 1118 1857 praenoto,
1141 1746 1252 1858 qubd
1269 1750 1309 1832 in
1328 1751 1445 1857 hujus
1459 1750 1685 1864 quaestionis
1707 1752 1759 1834 ti-

211 1872 297 1963 tulo
317 1865 472 1982 duplex
486 1870 729 1983 intelligitur
742 1867 932 1979 quaestio,
954 1891 1035 1947 una
1051 1865 1161 1949 circa
1182 1866 1499 1953 liberationema
1517 1868 1661 1975 culpa,
1683 1866 1761 1953 alia
1794 1936 1797 1943 .

210 1988 320 2075 circa
346 1990 630 2081 liberationem
657 1991 854 2097 bpoenn,
880 1981 932 2064 acl
953 1978 1228 2068 differentiam
1249 1979 1527 2068 antecedentis
1550 2040 1564 2083 ,
1586 1981 1657 2067 ubi
1678 1983 1760 2069 sola
1794 2054 1800 2063 .

210 2104 291 2179 fuit
311 2108 477 2202 quaestio
503 2106 556 2185 de
576 2104 814 2179 liberatione
834 2094 1027 2200 bpoena,
1062 2092 1104 2174 in
1126 2091 1227 2195 illo,
1253 2098 1323 2207 qui
1345 2098 1485 2184 habuit
1506 2100 1761 2193 voluntatem

212 2209 507 2313 satisfaciendi,
526 2216 573 2296 ae
595 2232 732 2297 tamen
755 2230 882 2319 opere
904 2233 988 2303 non
1009 2206 1202 2295 satisfecit
1224 2243 1237 2304 t
1260 2219 1302 2298 δι
1317 2214 1483 2324 qtridem
1496 2218 1627 2327 prima
1642 2215 1763 2311 alier-

214 2329 275 2413 tio
299 2329 340 2411 in
363 2329 562 2415 solutione
585 2330 702 2436 hujus
723 2324 950 2439 quaestionis
972 2325 1145 2439 intelligi
1165 2326 1285 2441 plene
1309 2361 1392 2417 non
1414 2338 1578 2445 potest,
1608 2332 1684 2421 nifi
1709 2362 1765 2423 ex

214 2446 352 2556 paucis
379 2447 547 2548 verbis,
570 2475 659 2557 quae
682 2440 819 2530 omisit
838 2441 997 2528 Censor
1017 2469 1070 2527 ex
1092 2466 1241 2549 textu,
1262 2478 1412 2559 nempe
1433 2483 1444 2534 r
1466 2454 1516 2535 ln
1548 2452 1617 2561 isla
1638 2449 1763 2566 quus·

215 2566 314 2647 tione
340 2588 482 2673 oportet
505 2564 774 2676 confidcrore,
816 2560 910 2671 quid
939 2560 991 2667 est
1018 2546 1239 2669 punitentia
1262 2566 1551 2680 perferundum
1594 2570 1763 2681 regulum

215 2679 411 2791 (nempe
447 2681 630 2795 regulam
663 2680 773 2791 Quid
803 2678 898 2761 artis
920 2672 1116 2763 Lullianae
1144 2689 1164 2792 )
1199 2681 1492 2795 &confiderem
1513 2687 1764 2795 definitionem

74 2865 75 2868 κ
213 2796 481 2909 aequalitatis,
512 2796 553 2885 δ’
581 2800 803 2909 distinguere
831 2798 929 2879 inter
945 2793 1119 2905 senstule
1159 2795 1201 2885 δ’
1236 2802 1499 2887 intetuanale.
1532 2804 1644 2889 Nam
1675 2829 1767 2912 pre-
1857 2800 1861 2812 '
1999 2776 2002 2787 ’
2147 2758 2156 2773 ”

217 2917 389 3002 nitentia
405 2914 721 3030 <sacramentalis
761 2913 936 3016 nonest
971 2912 1268 3027 qualiscumque
1304 2921 1445 3021 astus,
1475 2920 1543 3005 vel
1580 2919 1768 3029 operatio

216 3055 414 3137 externa,
437 3035 535 3121 licet
557 3038 579 3119 l
601 3031 838 3121 confessario
862 3030 1068 3151 injuncta,
1094 3035 1136 3114 &
1150 3035 1173 3115 b
1188 3034 1415 3145 poenitente
1434 3036 1679 3146 adimpletur
1698 3032 1770 3122 sed

218 3151 660 3267 debetortumducerc
683 3154 733 3237 ab
755 3149 891 3236 animo
914 3152 956 3232 ἃ
978 3146 1187 3235 voluntate
1210 3148 1477 3239 satisfaciendi
1499 3154 1766 3265 bpoenitente

218 3273 425 3381 concepta
445 3302 456 3364 t
477 3273 574 3355 clun
593 3271 704 3357 enim
722 3266 944 3366 contritio,
975 3263 1170 3352 confeffio
1193 3325 1207 3369 ,
1240 3274 1282 3354 δε
1317 3270 1538 3379 satisfnttio
1555 3271 1695 3356 saltem
1726 3271 1769 3375 in

147 3442 152 3445 <
217 3408 349 3488 voto,
378 3384 456 3471 srnt
476 3409 611 3497 parter
632 3390 698 3474 vel
720 3383 828 3498 quast
851 3404 985 3495 partes
999 3381 1224 3483 essentiales
1239 3388 1492 3473 Sacramenti
1509 3387 1769 3477 Poenitentiae

219 3528 512 3592 concurrentes
528 3506 598 3591 sub
613 3505 737 3599 modb
752 3504 802 3591 ad
815 3502 1008 3590 effectum
1020 3503 1258 3613 primarium
1278 3502 1428 3614 ipsius,
1453 3528 1604 3613 nempe
1618 3504 1771 3591 remis·
1846 3530 1850 3539 ·

222 3620 380 3710 saonem
402 3625 558 3736 culpat,
587 3622 690 3710 ficut
706 3624 925 3736 requiritur
943 3622 984 3705 in
1006 3622 1233 3731 poenitente
1258 3620 1439 3708 adhunc
1461 3620 1654 3708 effectum
1673 3649 1771 3706 cau·
1793 3630 1795 3637 ’

221 3740 392 3827 santium
413 3743 608 3828 contritio
630 3749 674 3828 ἀ
694 3742 916 3837 conscilio,
939 3768 1029 3845 quae
1046 3741 1089 3821 in
1111 3741 1356 3825 atiuanimae
1376 3738 1655 3850 principaliter
1672 3766 1772 3823 con-

222 3856 394 3961 sistunt,
417 3860 475 3941 ita
497 3861 717 3963 requiritur
739 3859 780 3933 in
802 3855 933 3933 anima
954 3852 1164 3939 satisfactio
1187 3855 1257 3939 seu
1278 3856 1463 3941 voluutas
1479 3853 1772 3956 satissaciendi,

222 3977 282 4063 ita
308 3996 386 4073 ut,
408 3991 534 4083 prout
556 3965 770 4070 Maurius,
797 3965 838 4050 in
856 3962 1022 4075 4.‚disp.
1048 3990 1083 4077 ς.
1103 3996 1142 4076 q.
1169 3998 1236 4053 21.
1257 3998 1313 4053 nr.
1344 4000 1378 4056 r.
1411 4002 1522 4059 num.
1552 3980 1645 4084 563.
1670 3977 1711 4058 δι
1731 4000 1769 4083 q.
1831 4052 1837 4061 .

231 4121 296 4177 tr..
318 4119 431 4174 num.
456 4084 550 4198 308.
575 4086 699 4173 docet
720 4114 773 4171 ex
795 4085 923 4170 Scuto
941 4139 956 4183 ,
967 4080 1009 4193 st
1022 4110 1200 4193 peccator
1219 4086 1295 4172 rate
1309 4089 1538 4199 propofirum
1559 4122 1634 4175 nou
1651 4094 1773 4177 lrabe-

222 4233 280 4295 ret
293 4205 431 4318 firltem
454 4206 629 4315 implicite
643 4264 657 4305 ,
671 4203 746 4315 scd
762 4205 914 4287 haberer
935 4199 1161 4288 voluntatem
1183 4206 1409 4296 contrariam
1442 4207 1502 4291 vel
1523 4211 1774 4319 negativam,

225 4328 510 4411 Sacramentum
531 4354 608 4407 noa
630 4324 897 4433 conficeretur:
911 4317 1021 4409 unde
1042 4321 1336 4406 sacramentalis
1351 4324 1592 4433 poenitentia
1614 4346 1774 4411 utrum-

228 4470 308 4554 que
324 4442 542 4551 importat,
560 4440 813 4544 voluntatem
830 4436 984 4524 scilicet
997 4436 1284 4541 satisfaciendi,
1304 4446 1346 4529 ἃ
1365 4471 1468 4555 opus
1482 4444 1505 4524 a
1519 4440 1774 4531 Confeslario

228 4561 452 4667 injunsium
470 4558 712 4645 executione
733 4555 934 4649 mandare·
1792 4639 1795 4647 ,

252 4742 257 4750 .
290 4676 428 4763 XVII.
452 4676 684 4779 Praeterea,
704 4672 805 4761 licut
824 4672 876 4759 ad
892 4673 1199 4762 Sacramentum
1218 4674 1507 4777 Poenitentiae‚
1530 4696 1576 4761 ut
1591 4680 1778 4765 remittat

230 4794 425 4904 culpam,
448 4824 531 4880 non
554 4792 702 4879 sufficit
724 4814 988 4904 quaecumque
1011 4792 1206 4880 confessio
1228 4797 1270 4879 ἀ
1294 4792 1519 4893 contritio,
1554 4794 1624 4881 sed
1654 4798 1793 4883 debet:

232 4908 313 5047 effe
335 4911 723 5022 correspondens&
746 4912 1087 5021 proportionata:
1114 4910 1168 4998 stc
1191 4909 1385 5006 voluntas¹
1412 4910 1680 4997 satitfaciendi
1708 4908 1791 5019 de·¹

143 5113 147 5117 ,
230 5029 304 5114 bet
335 5026 415 5115 elie
441 5028 752 5140 proportionata
773 5049 976 5139 peccato,
1014 5031 1154 5115 saltem
1174 5027 1418 5139 generaliter
1444 5034 1487 5115 δι
1515 5024 1711 5119 consusbt
1736 5030 1779 5111 δι

231 5146 312 5231 hoc
327 5146 459 5231 innuit
472 5148 530 5231 D.
549 5149 591 5232 in
613 5168 730 5233 textu
751 5205 765 5249 ‚
784 5146 884 5232 dum
902 5144 1002 5232 dicit
1020 5207 1033 5251 ,
1051 5142 1385 5232 confiderandam
1399 5143 1479 5233 eisc
1495 5140 1781 5229 definitionem
1829 5245 1833 5253 ,

233 5265 468 5373 aequalitatis
492 5296 504 5359 ;
526 5269 568 5351 ἀ
590 5264 694 5351 ficut
718 5265 959 5375 poenitentia
980 5293 1105 5377 opere
1124 5283 1295 5350 executa
1309 5262 1433 5349 debet
1451 5258 1530 5346 esse
1547 5261 1785 5369 proportio-

233 5380 327 5467 nate
349 5378 509 5490 aqualis
533 5402 738 5491 peccato,
761 5385 979 5497 velpoenae
1001 5376 1567 5495 ,temporalicotrespondenti
1587 5392 1783 5490 peccatu,
1839 5432 1844 5437 -

499 5521 557 5557 -.,
883 5511 892 5525 ,
982 5526 991 5559 Ι
1762 5510 1765 5519 .

251 5544 259 5591 l
