5150 6667
602 653 606 665 i
743 730 793 835 5⁶
926 716 1224 809 VINDIC.
1270 656 1483 805 LUL'L.
1533 716 1674 803 Tou.
1720 713 2088 802 III.D1sr.I.

735 862 920 977 ligendi,
950 858 1073 973 quem
1085 862 1207 947 habet
1224 858 1380 960 Pater'3
1398 860 1552 944 scilicet
1573 857 1812 943 communis'
1825 847 2131 966 per'ellimtiam
2149 864 2192 949 oc
2209 888 2296 946 na·-

735 988 891 1082 turam,
916 982 965 1063 ab
987 980 1175 1064 omnibus
1202 976 1464 1096 admittitur,
1483 978 1578 1060 cbm
1600 974 1830 1060 communis
1848 971 2016 1060 effentia
2036 975 2124 1063 Dei
2146 973 2196 1062 fit
2218 981 2304 1091 ip-··
2371 1010 2376 1018 ·

735 1102 861 1185 samet
886 1095 1072 1182 voluntas
1094 1092 1277 1195 infinita,
1309 1123 1355 1178 ac
1378 1092 1553 1203 proinde
1574 1095 1681 1177 alius
1705 1088 1887 1175 infinitus
1911 1092 2078 1183 volendi
2113 1099 2156 1180 ἀ
2190 1096 2284 1181 dili-

734 1204 870 1331 gendi,
893 1217 1064 1299 Secunda
1089 1211 1200 1321 qubd
1220 1216 1337 1295 Paret
1356 1211 1581 1293 naturaliter
1599 1210 1738 1318 diligar
1754 1238 1936 1317 generare
1957 1210 2099 1295 Filium
2115 1271 2130 1311 ,
2147 1216 2207 1297 est
2222 1217 2282 1299 al·

735 1337 890 1434 sertio,
919 1326 1039 1441 quam
1062 1330 1269 1413 adstruunt
1291 1357 1434 1412 omnes
1453 1327 1570 1411 relati
1587 1327 1730 1410 Patres
1752 1329 1900 1412 inum.
1930 1355 1965 1408 1.
1989 1332 2032 1410 &
2052 1356 2130 1437 per
2151 1330 2197 1442 ly
2211 1364 2286 1415 aa·

735 1455 906 1537 ntrnliur
927 1450 1101 1534 evitatur
1124 1445 1372 1545 difficultas,
1395 1445 1449 1529 ob
1473 1473 1593 1556 quam
1614 1444 1734 1527 multi
1755 1443 1898 1528 Patres
1917 1444 2111 1529 nolebant
2131 1477 2284 1534 conce-

736 1568 834 1655 dere
862 1570 897 1651 F
901 1567 1015 1650 ilium
1044 1564 1254 1648 voluntate
1280 1564 1468 1695 genitum
1485 1622 1499 1661 ,
1518 1562 1569 1647 ne
1589 1560 1927 1646 deliberationem
1941 1564 2115 1671 aliquam
2129 1567 2171 1649 in
2189 1568 2287 1651 Filii

734 1686 997 1801 generatione
1013 1681 1305 1781 admitterent,
1324 1684 1366 1764 ἃ
1389 1681 1469 1764 hoc
1489 1679 1620 1788 ipsum
1643 1676 1744 1761 dicit
1757 1677 1815 1760 D.
1831 1678 2285 1770 Bonaventuraadduc-

734 1826 800 1889 tus
824 1833 934 1887 num.
960 1800 1125 1910 7.,ratio
1148 1820 1317 1899 autem,
1346 1824 1467 1906 quam
1488 1795 1657 1909 'affignat
1679 1796 1855 1896 Lullus,
1878 1796 2033 1882 scilicet
2053 1802 2143 1910 quia
2151 1799 2193 1911 st
2207 1832 2284 1885 non
2437 1799 2440 1808 ’

734 1926 788 2006 itu
803 1923 914 2035 efflt,
932 1942 1129 2028 generaret
1142 1914 1259 2027 ipfitm
1281 1940 1412 1999 contra
1427 1912 1538 2038 smmi
1562 1914 1686 2013 velle,
1706 1914 1763 1997 est
1784 1912 1956 2015 eadem,
1977 1917 2055 2026 qud
2076 1917 2190 2005 citati
2207 1919 2285 2003 Pa-

734 2059 817 2123 tres
850 2036 1009 2121 addudti
1030 2028 1148 2134 sunt,
1176 2033 1230 2129 ¹ad
1251 2030 1472 2118 dicendum
1495 2028 1605 2141 quod
1627 2030 1751 2115 Pater
1774 2031 1984 2117 voluntate
2002 2037 2194 2148 genuerit
2208 2037 2282 2119 Fi-

671 2183 675 2193 ·
733 2156 834 2240 lium
858 2187 868 2237 ε
891 2156 1074 2262 Neque,
1102 2151 1205 2264 qudd
1223 2152 1340 2237 Pater
1362 2150 1587 2232 naturaliter
1598 2147 1736 2258 diligor
1744 2177 1927 2256 generare
1940 2151 2083 2234 Filiam
2104 2155 2293 2262 opponi--

733 2292 802 2356 tur
828 2271 885 2354 D.
911 2268 1087 2354 Thomae
1110 2264 1281 2352 adduito
1305 2293 1416 2350 num.
1441 2296 1481 2375 7.
1514 2265 1583 2374 qui
1613 2264 1793 2348 admittit
1821 2266 2032 2353 voluntate
2059 2270 2294 2356 comitante-

734 2389 902 2471 Patrem
918 2384 1108 2499 genuill'e'
1117 2387 1152 2470 F
1155 2386 1298 2486 ilium,
1318 2386 1414 2469 edm
1428 2383 1469 2468 in
1484 2362 1588 2495 tbsta
1604 2381 1803 2507 Dostrina
1816 2384 1929 2469 Lulli
1943 2385 2043 2470 nibil
2055 2387 2170 2519 sonet
2189 2388 2284 2473 huic

585 2560 590 2569 ·
734 2506 936 2589 voluntati
962 2500 1211 2613 oppofitum.

793 2622 909 2707 XVI.
932 2620 1054 2705 Haud
1080 2619 1189 2704 aliud
1214 2617 1435 2705 infinuatur
1457 2644 1532 2730 per
1561 2620 1841 2731 subsequentia
1863 2622 2020 2721 verba,
2045 2623 2189 2731 quibus
2219 2620 2284 2706 di·

734 2740 871 2823 citur:
903 2735 1040 2823 &tole
1061 2738 1216 2847 diligere
1234 2739 1286 2845 est
1305 2741 1499 2847 proprium
1526 2739 1667 2840 Patri,
1698 2741 1843 2821 rarione
1873 2736 1982 2841 cujus
2010 2743 2164 2848 proprie
2185 2799 2200 2840 ,
2242 2738 2283 2827 δ’

723 2856 945 2967 stmplicirer
965 2856 1092 2966 diligit
1101 2885 1282 2964 generare
1304 2856 1447 2938 Filium
1469 2856 1515 2937 de
1527 2850 1685 2962 seipst),
1708 2852 1750 2939 ἃ·
1769 2857 1816 2938 de
1838 2880 1912 2938 toto
1933 2859 2004 2939 lzoc
2020 2856 2123 2966 quod
2139 2858 2254 2942 babet
2265 2891 2283 2960 ‚·

735 2975 827 3083 quia
849 2974 953 3058 solus
974 2972 1097 3057 Pater
1119 2970 1251 3083 diligit
1272 2996 1466 3083 generare
1485 2970 1639 3054 Filium
1665 2968 1717 3055 de
1739 2990 1831 3055 toto
1854 2973 2010 3082 seipso,
2038 3000 2083 3057 ac
2107 2974 2283 3082 proinde

733 3092 812 3177 tale
839 3091 1008 3203 diligere
1031 3090 1088 3175 est
1109 3090 1323 3198 proprium
1351 3087 1493 3190 Patri,
1519 3109 1566 3171 ut
1588 3088 1713 3171 etiam
1738 3088 1913 3173 innuunt
1934 3090 2094 3174 Textus
2114 3090 2285 3178 Patrum

733 3210 857 3319 supra·
872 3208 988 3293 relati
1006 3238 1017 3300 ;
1041 3228 1087 3289 ut
1105 3228 1243 3291 autem
1264 3206 1559 3317 cognoscatur,
1587 3205 1698 3314 qubd
1720 3206 1798 3291 tale
1818 3205 2020 3319 diligere,
2052 3234 2133 3317 quo
2158 3208 2282 3294 Pater

735 3326 865 3441 diligit
878 3338 1071 3439 generare
1096 3322 1275 3421 Filium,
1290 3348 1372 3405 non
1395 3324 1452 3405 est
1470 3350 1569 3405 cum
1589 3321 1912 3424 deliberatione,
1935 3322 2088 3430 nediun
2111 3324 2282 3427 dicitur,

735 3444 846 3555 qubd
860 3442 1094 3527 naturaliter
1116 3437 1248 3551 diligit
1261 3436 1363 3539 ,sed
1384 3438 1509 3522 etiam
1530 3439 1641 3549 qubd
1659 3441 1700 3523 in
1722 3440 1802 3525 hoe
1822 3440 1993 3554 diligere
2009 3439 2188 3547 confistit
2209 3472 2287 3555 ap«

600 3658 604 3669 ,
733 3562 887 3672 petitus
911 3557 1102 3643 naturalis
1131 3554 1386 3669 generandi:
1415 3554 1563 3655 Unde,
1596 3553 1752 3643 fibene
1769 3557 2052 3669 perpendatur
2073 3561 2138 3645 hic
2162 3562 2280 3667 Tex-
2369 3575 2373 3579 ’

736 3701 833 3781 tus,
860 3678 1012 3762 nullam
1032 3672 1382 3773 anterioritatem,
1410 3701 1487 3757 nec
1516 3674 1712 3775 rationis,
1735 3676 1928 3784 concedit
1950 3677 2008 3760 illi
2041 3675 2209 3791 diligere
2234 3678 2286 3763 ad

734 3797 1038 3911 generationem
1059 3851 1073 3892 ,
1096 3791 1187 3900 quia
1209 3778 1309 3874 nibil
1327 3789 1556 3897 hujusmodi
1573 3794 1751 3904 explicat
1765 3824 1776 3885 ;
1792 3798 1834 3879 dt
1856 3792 1908 3877 ad
1925 3795 2128 3879 summum
2148 3794 2285 3904 polset

735 3917 817 4001 dici
845 3914 955 4025 quod
972 3912 1112 3996 saltem
1132 3935 1184 3992 ex
1206 3908 1285 3993 hoc
1313 3908 1455 3993 Textu
1474 3908 1638 3994 videtur
1662 3910 1837 4011 deduci,
1866 3910 1978 4021 qubd
1994 3910 2118 4022 Pater
2139 3914 2285 3999 saltem

734 4035 846 4145 priits
868 4034 1022 4115 ratione
1050 4026 1180 4138 diligit
1199 4054 1393 4139 generare
1413 4027 1598 4129 Filium,
1625 4030 1746 4136 quim
1764 4029 1896 4138 ipsum
1914 4038 2085 4143 generet
2107 4063 2118 4125 3
2137 4033 2180 4115 in
2203 4033 2283 4117 hoc

735 4172 872 4236 autem
887 4144 1082 4234 coincidit
1096 4144 1198 4228 cum'
1206 4145 1338 4229 citatis
1353 4144 1570 4245 Patribus,
1590 4173 1643 4229 ex
1656 4146 1800 4255 quibus
1814 4147 2005 4232 Pet'avius
2020 4176 2132 4232 num.
2148 4144 2188 4231 8.
2209 4148 2288 4234 de·.

735 4270 849 4384 ducit
871 4270 973 4352 hanc
997 4261 1163 4350 rationis
1188 4263 1477 4371 prioritatem,
1513 4290 1636 4373 quam
1665 4265 1790 4350 etiam
1812 4264 2046 4351 admitnmt‘
2064 4268 2214 4353 Scotus
2227 4272 2297 4410 dg

736 4386 954 4493 Caj'etanus
976 4382 1089 4469 citati
1107 4379 1273 4466 ibidem.
1921 4395 1925 4404 ’

744 4490 748 4501 ’
792 4502 930 4589 XVII.
962 4494 1119 4586 Praeter
1139 4498 1247 4583 hunc
1270 4499 1443 4583 modum
1461 4499 1681 4586 voluntatis
1698 4561 1712 4602 ,
1735 4528 1817 4611 quo
1848 4502 1973 4589 Pater
1997 4497 2130 4617 diligit
2137 4531 2283 4618 gene·

735 4650 822 4706 rare
837 4623 871 4709 F
876 4621 1011 4722 ilium,
1034 4621 1156 4704 alium
1178 4620 1310 4700 astum
1324 4676 1338 4717 ,
1351 4617 1418 4701 vel
1435 4618 1574 4728 potius
1586 4618 1851 4705 eundemalio
1864 4620 1991 4707 modo
2005 4622 2281 4732 explicatum,
2439 4691 2441 4730 1

734 4738 855 4835 tacite
879 4738 1058 4823 admittit
1079 4734 1249 4834 Lullus,
1273 4734 1421 4843 nempe
1444 4735 1580 4838 illum,
1604 4765 1685 4847 quo
1708 4737 1831 4824 Pater
1850 4741 1994 4836 uolens
2011 4732 2215 4841 volificat,
2233 4761 2286 4825 ut

650 4936 653 4941 .
735 4858 792 4942 ita
814 4856 1022 4956 dicamur,
1044 4856 1112 4939 seu
1134 4850 1326 4962 producit
1347 4852 1500 4937 Filium
1520 4854 1754 4948 volentem
1779 4858 1871 4968 quia
1888 4860 1984 4943 cum
1998 4918 2012 4960 ,
2028 4858 2296 4949 utdiscurrit-

710 4978 777 5089 in
800 4973 934 5059 verbis
959 4970 1038 5056 add
1165 4999 1275 5054 num.
1315 4998 1380 5053 ιο.
1411 4999 1554 5058 omnes
1577 4972 1793 5085 affinitates,
1817 4980 2064 5065 contutant
2080 4976 2132 5064 ad
2152 5000 2286 5090 gene-

737 5094 939 5179 rationem
960 5090 1086 5190 Filii,
1140 5086 1224 5171 uod
1251 5090 1375 5173 etiam
1396 5092 1546 5199 repetit
1580 5090 1622 5173 in
1650 5092 1848 5179 solutione
1870 5096 2100 5209 argumenti
2127 5096 2289 5197 relata,

738 5244 848 5297 nuru.
883 5236 947 5311 14.
969 5214 1011 5295 dt
1033 5207 1098 5292 hic
1122 5208 1340 5291 concursus
1363 5208 1437 5291 stet
1459 5206 1500 5289 in
1521 5209 1600 5292 hoc
1625 5208 1734 5317 quod
1756 5211 1880 5296 Pater
1899 5213 2059 5313 bonus,
2082 5205 2290 5321 magnus,

739 5334 818 5417 &o
845 5328 1045 5440 producat
1060 5324 1215 5411 Filium
1232 5324 1388 5412 bonum
1401 5352 1618 5440 ,magnum
1635 5372 1658 5427 ,·
1676 5332 1756 5411 &o
1776 5334 1818 5415 δι
1842 5329 1898 5415 ita
1918 5329 2042 5415 Pater
2057 5322 2290 5433 bonificet,

2017 5441 2254 5560 magnificet
2270 5509 2291 5549 ,
