5150 6667
490 604 563 635 ··
671 586 1525 730 ottoniensem.
1638 594 1642 601 '
1795 649 1879 740 337

320 754 482 846 aliunde
501 782 630 842 unum
647 774 868 869 peceatum
882 751 934 840 fit
947 733 1095 863 ndajus,
1107 756 1227 867 quim
1246 753 1356 841 aliud
1369 785 1380 839 z
1395 756 1520 849 Unde
1543 758 1707 865 Amort,
1728 760 1879 854 Theoi

319 880 460 967 Eclec.
484 898 587 963 tom.
615 904 653 961 2.
684 878 799 961 treet.
824 872 877 961 de
911 874 1073 960 Incarn.
1102 874 1190 959 dist.
1222 902 1260 959 2.
1295 878 1430 984 quaest.
1456 904 1492 990 3.
1525 878 1567 965 in
1589 881 1660 966 sol.
1685 882 1817 995 objec.
1840 912 1879 999 3.

319 1002 408 1087 ait:
435 1028 461 1068 u
475 992 728 1109 Respondeo
743 992 795 1079 ad
807 993 1013 1104 primum,
1028 991 1229 1107 distinguo
1244 1024 1254 1077 ε
1269 992 1508 1104 sequeretur
1521 998 1631 1108 quod
1642 1031 1768 1087 unum
1782 1034 1881 1115 pec-

317 1159 345 1203 „
370 1140 508 1205 catum
527 1146 611 1202 non
625 1110 729 1201 ellet
750 1112 879 1219 majus
898 1113 1051 1215 altero,
1075 1108 1210 1225 quoad
1226 1112 1344 1197 suum
1361 1110 1444 1199 effe
1457 1112 1629 1203 formale
1643 1180 1657 1222 ,
1671 1121 1883 1219 concedat

317 1278 346 1323 tt
371 1235 507 1350 quoad
528 1238 645 1321 suum
660 1230 742 1320 effe
757 1230 965 1318 materiale
989 1292 1002 1335 ,
1030 1260 1153 1345 nego.
1173 1270 1199 1313 η
1238 1230 1411 1322 Lardito
1434 1292 1448 1334 ,
1471 1252 1575 1319 tom.
1602 1260 1640 1320 2.
1668 1237 1710 1321 in
1732 1238 1776 1323 S.
1791 1241 1881 1326 An.

316 1358 432 1445 selm.
454 1354 505 1440 de
524 1356 686 1439 Incarn.
708 1354 822 1437 trad.
851 1378 888 1435 2.
904 1349 1000 1437 dub.
1030 1376 1066 1463 3.
1083 1350 1122 1461 ξ.
1145 1378 1188 1452 4.
1208 1346 1259 1435 ad
1278 1348 1392 1435 idem
1409 1351 1712 1467 Argumentum
1729 1356 1785 1443 ita
1811 1386 1881 1445 re-

317 1474 430 1563 fert:
458 1503 485 1545 ιι
509 1470 574 1557 Ad
596 1493 883 1587 argumentum
900 1468 1150 1581 respondent
1176 1466 1349 1580 plures,
1371 1493 1542 1582 peccata
1559 1470 1640 1560 effe
1659 1476 1823 1587 aequalia
1837 1476 1880 1564 in

317 1634 345 1679 n
370 1592 530 1678 ratione
549 1588 715 1677 offensae
738 1650 751 1693 ‚
779 1588 975 1675 nimirum
991 1583 1191 1675 infinitate
1213 1584 1426 1699 desumpta
1448 1618 1501 1675 ex
1516 1590 1652 1678 divina
1675 1595 1880 1703 majestate
1899 1608 1904 1619 “

318 1754 344 1797 η
372 1711 554 1813 offensa,
574 1708 685 1822 quod
708 1728 796 1796 non·
813 1705 990 1819 impedit
1024 1704 1342 1819 inaequalitatem
1367 1735 1420 1792 ex
1439 1707 1525 1795 aliis
1549 1710 1793 1825 principiis,
1813 1716 1880 1799 vi·

318 1872 346 1915 tt
373 1831 526 1917 delicet
543 1826 804 1932 intenfione,
831 1825 1126 1915 circunstantiis
1150 1884 1163 1926 ,
1187 1823 1458 1913 &aversione
1479 1829 1633 1913 abtiva:
1660 1860 1686 1900 ιι
1698 1832 1791 1919 Hoc
1811 1862 1881 1919 au·

319 1972 407 2037 tem
436 1950 545 2035 idem
566 1950 622 2035 est
644 1976 690 2033 ac
714 1947 890 2049 dicere,
920 1943 1034 2059 quod
1056 1964 1226 2059 peccata
1249 1944 1438 2061 tnottalia
1469 1946 1603 2056 quoad
1630 1950 1886 2057 majestatem¹
2051 1946 2057 1953 ’

317 2068 405 2271 pei
420 2066 616 2153 offensam
630 2062 920 2179 litntaequalia3
943 2062 1154 2177 inaequalia
1166 2064 1266 2147 vero
1278 2060 1414 2174 quoad
1421 2062 1634 2176 propriam
1649 2069 1876 2155 rationem:

336 2216 464 2302 1erg0
487 2188 556 2271 ista
571 2182 738 2297 possunt
760 2184 865 2285 dici,
888 2212 963 2292 cur
983 2213 1068 2269 non
1090 2180 1246 2295 poterit
1267 2179 1411 2268 Lullus
1429 2175 1587 2287 dicer'e,
1609 2214 1699 2273 non·
1711 2188 1879 2298 quidem

316 2327 539 2419 peccatum
560 2305 734 2391 mortale
758 2308 801 2391 be
820 2302 979 2389 veniale
1000 2296 1159 2388 infinitd
1177 2298 1322 2419 distare
1344 2292 1380 2383 λ’
1398 2300 1529 2406 Deo,
1553 2308 1595 2391 de
1614 2306 1775 2391 tantum
1797 2308 1877 2393 dis-

316 2448 403 2512 tare
423 2453 553 2509 unum
571 2425 768 2535 quantum
787 2420 921 2525 aliud,
944 2418 1016 2507 sed
1035 2422 1180 2507 Deum
1201 2413 1359 2503 infinite
1383 2418 1526 2508 distare
1545 2423 1597 2509 ab
1614 2445 1789 2537 utroque
1804 2486 1818 2528 ‚
1835 2430 1876 2511 δι
1956 2482 1973 2537 .·

318 2542 455 2681 qupad
473 2543 512 2629 se
531 2542 702 2749 talntltgs
711 2541 856 2750 fflare
878 2542 1058 2747 pruno,
1077 2538 1275 2743 qupntbm
1296 2538 1347 2743 aabl
1367 2539 1446 2719 alio
1465 2571 1477 2636 ;
1498 2546 1541 2629 be
1567 2562 1706 2632 tamen
1724 2570 1877 2662 pecca-¹

317 2684 412 2749 tum
428 2682 637 2775 mortaep
798 2688 865 2749 ute
963 2690 1045 2765 eo,
1071 2688 1127 2773 qu
1151 2688 1194 2745 m
1214 2686 1310 2743 vem
1349 2684 1396 2742 e.
1430 2685 1434 2693 ’
1524 2686 1568 2755 Α

975 2878 1017 2993 §-
1077 2876 1155 2963 1-1
1184 2878 1230 2964 1„

313 3118 441 3207 Docet
450 3117 643 3205 Lullusin
663 3095 781 3232 Propi.
806 3146 871 3231 17.
889 3120 1051 3205 Beatum
1064 3148 1140 3204 non
1155 3118 1196 3203 ia
1201 3114 1327 3231 specie
1335 3116 1465 3231 aliqua
1479 3176 1494 3219 ‚
1497 3112 1575 3229 sed
1586 3112 1727 3229 la-lpfit
1740 3117 1876 3203 divina
2039 3139 2041 3142 ’

436 3258 590 3376 effetatio
608 3317 623 3364 ,
635 3257 706 3373 seu
731 3258 1039 3372 intelligibilitate
1055 3260 1251 3365 increata,
1270 3259 1395 3344 videre
1415 3262 1540 3344 Deum
1563 3260 1751 3343 intuitivd.¹

204 3530 213 3547 ·
358 3456 557 3583 XXXII.
588 3490 822 3607 Propofitio
847 3499 970 3607 17.&
996 3494 1141 3583 ultima
1162 3476 1553 3607 fic'exponiturtln
1573 3457 1879 3605 vifioneDeiin-
2035 3464 2081 3482 ‘¹

317 3612 492 3699 tellec‘bus
511 3615 657 3699 Beatus
677 3616 883 3725 inproprie
897 3614 1203 3727 intelligibilitate
1215 3616 1294 3699 Dei
1310 3616 1501 3717 increata,
1517 3610 1558 3701 ἃ
1578 3644 1663 3727 qua
1682 3612 1735 3720 est
1744 3613 1877 3715 Deus,

318 3726 501 3845 ituelligit
514 3734 686 3819 divtaam
711 3734 941 3819 Trinitatem
964 3728 1007 3819 δ’
1027 3734 1325 3849 ΨῙειιιὶαπιμιοπ
1347 3730 1625 3844 infitoproprio
1647 3729 1880 3842 intelligibili
1925 3820 1931 3831 ⁸

316 3878 471 3953 creato,
482 3848 558 3961 sed
571 3850 787 3935 immediate
805 3910 822 3951 ‚
843 3853 928 3937 Deo
949 3854 1246 3937 communicante
1262 3850 1472 3937 intellec‘bai
1487 3850 1609 3935 Beato
1620 3843 1733 3959 sliam
1755 3845 1878 3963 effen-

317 3967 449 4055 tioletu
467 3964 829 4082 intelligibilitatem.
853 3969 1004 4080 Quaest.
1031 3998 1125 4075 140.
1141 3996 1254 4055 num.
1284 3999 1320 4053 1.

379 4085 593 4175 Censura:
610 4084 817 4199 Propofitio
844 4088 993 4177 videtur
1021 4116 1214 4191 erronea,
1246 4084 1485 4175 &accedere
1513 4084 1569 4169 ad
1597 4082 1904 4196 Ubiqtiistantm·

319 4204 487 4316 baralla
510 4265 524 4307 ‚
546 4210 731 4321 itatenus
747 4206 805 4289 ait
823 4238 839 4289 .·
860 4206 1023 4293 Beatum
1045 4206 1253 4321 intelligere
1278 4196 1587 4319 'intelligibilitate
1606 4206 1775 4288 increata
1794 4261 1809 4304 ‚
1839 4199 1903 4289 b.

320 4320 440 4432 ipsam
467 4325 806 4413 eicommum'eari.

109 4544 114 4552 ¹
275 4520 295 4541 .,
381 4440 581 4530 XXXIII.
613 4442 789 4555 Quoties
811 4442 916 4529 hanc
938 4404 1169 4531 Censuram
1187 4466 1428 4557 textumque
1451 4394 1624 4527 inustum
1643 4432 1879 4539 confidere,

320 4587 407 4645 non
426 4556 588 4673 polium
604 4562 821 4677 percipere
843 4562 1017 4675 qialiter
1038 4564 1108 4672 hic
1129 4564 1365 4651 clariffimus
1394 4561 1554 4649 Censor
1571 4580 1654 4643 tam
1677 4556 1880 4650 acriterin

321 4678 490 4769 Lullum
510 4680 762 4785 excandeat,
777 4680 901 4783 clim,
924 4683 1065 4770 saltem
1084 4686 1241 4773 attentd
1256 4683 1377 4800 titulo
1398 4675 1516 4789 huius
1539 4677 1765 4791 qttaestionis
1778 4738 1794 4779 ‚
1808 4700 1900 4787 ap-·

324 4822 466 4911 pareat
487 4799 656 4885 Lullum
678 4800 721 4885 in
750 4821 868 4887 textu
885 4825 1028 4889 notato
1055 4802 1207 4891 docere
1229 4802 1340 4892 idem
1353 4807 1379 4903 '‚
1395 4798 1516 4912 quod¹
1533 4798 1674 4882 Divus
1695 4795 1903 4901 Thomas*

323 4914 489 5031 ejusque
500 4917 766 5033 Discipulide
776 4918 1127 5009 vifioneintuitiva
1140 4920 1244 5013 Dei3
1257 4918 1367 5031 quod
1380 4902 1721 5036 Amorss‘fllte019
1738 4906 1879 4995 Eclec.

311 5056 428 5122 tom.
455 5036 691 5125 1.ttall.de
714 5036 841 5142 Deo,
870 5038 973 5152 disp.
997 5070 1039 5143 4.
1060 5040 1110 5127 de
1129 5036 1283 5125 vifione
1308 5038 1494 5124 intuitiva
1509 5032 1630 5133 Det,
1656 5051 1696 5141 q.
1726 5058 1762 5114 2.
1784 5029 1881 5111 No-

322 5156 450 5246 tando
464 5186 508 5261 4.
531 5152 587 5245 stc
603 5158 795 5271 exponit:
815 5183 842 5251 τι.
859 5160 1084 5246 Thomistae
1100 5162 1199 5244 verb
1219 5156 1437 5259 dicunt,'in
1454 5151 1587 5239 Beatis
1602 5150 1753 5233 nullam
1769 5146 1881 5248 dari,

225 5323 228 5328 ·
323 5316 353 5381 p
379 5300 450 5365 aut
471 5276 557 5361 dati
578 5274 692 5391 poffe
715 5280 894 5393 speciem
917 5276 998 5366 five
1013 5274 1281 5397 impreffatn,
1304 5270 1387 5364 five
1406 5266 1883 5477 expreffampivmae'es-

371 5474 373 5479 ,
448 5396 491 5487 T
487 5426 567 5483 ott.
596 5398 624 5484 I
629 5400 700 5483 II.
981 5474 985 5483 .
1628 5479 1632 5486 .
1677 5418 1706 5474 '1
