5150 6667
680 588 1132 683 ursanus.
1193 592 1290 679 ιι·
1341 598 1381 708 s.
1440 598 1522 682 11.
1576 630 1599 710 μ
1781 580 1870 714 ‘45

322 783 347 824 n
371 756 490 824 trant.
514 736 594 855 list
608 734 718 822 enirn
736 756 829 819 nata
850 740 891 821 dt
912 734 1047 821 innata
1064 732 1253 844 sapientia
1274 762 1354 819 una
1373 734 1540 843 prorsus
1561 736 1782 849 eademque
1801 742 1872 825 sa-.

320 898 344 941 ιι
368 856 552 969 pientia,
581 856 660 939 hoc
684 856 741 939 est
762 848 952 954 essentia,
971 852 1064 962 quia
1085 873 1169 937 tam
1189 848 1358 936 esitantia
1374 852 1426 936 de
1444 850 1637 954 essentia,
1660 859 1780 964 quim
1797 859 1872 943 saa
1893 860 1898 869 ’

212 1066 218 1075 ,
318 1014 344 1060 n
368 974 523 1085 pientia
549 972 600 1057 de
629 969 823 1082 sapientia
844 970 892 1059 ab
918 970 1141 1083 Augustino
1160 966 1326 1052 dicitur.
1349 968 1528 1055 Proinde
1550 972 1743 1079 sapientia
1776 1004 1860 1059 non

319 1134 344 1177 a
367 1092 434 1177 hlc
453 1089 612 1201 precise
626 1089 815 1175 Verbum
835 1089 914 1186 est,
934 1082 1015 1171 sive
1034 1082 1217 1197 expressa
1230 1083 1528 1195 sapientia‚nis1
1550 1089 1646 1171 cum
1662 1116 1764 1174 nara
1778 1118 1863 1180 vox

320 1250 345 1292 n
368 1208 558 1301 additum
585 1204 654 1293 sed
672 1204 842 1317 perinde
870 1207 910 1289 se
932 1204 1081 1305 habet,
1104 1230 1149 1288 ac
1181 1202 1278 1287 cum
1299 1204 1418 1289 Deus
1443 1202 1495 1287 de
1517 1203 1648 1324 Dar,
1687 1228 1863 1300 aeternus

320 1368 346 1409 n
366 1350 423 1411 ‘ex
453 1344 638 1424 aeterno,
665 1324 799 1409 bonus
823 1348 876 1407 ex
895 1322 1006 1405 bono
1028 1379 1043 1421 ,
1066 1321 1204 1405 lumen
1225 1316 1279 1404 de
1297 1320 1478 1421 lumine,
1500 1324 1543 1405 dt
1563 1321 1681 1430 hujus
1701 1325 1865 1437 generis
1958 1376 1962 1381 ·

321 1484 347 1528 n
371 1441 755 1532 caeteredicunturs
784 1464 958 1551 quotum
978 1435 1212 1523 notionibus
1235 1436 1365 1543 subest
1386 1436 1612 1523 absolutum
1634 1441 1864 1552 quippiam,

321 1601 347 1647 a
371 1557 447 1648 etsi
464 1558 695 1670 personales
713 1557 985 1666 proprietates
1005 1582 1058 1640 ex
1088 1552 1256 1662 obliquo
1281 1549 1573 1667 significentur.

378 1672 1091 1779 lotvil.‚1’0steareurtl³etavius
1113 1698 1165 1756 ex
1187 1669 1378 1756 Concilio
1409 1672 1615 1777 Toletano
1639 1674 1721 1761 XV
1722 1735 1733 1756 .
1746 1675 1866 1761 'illam

322 1792 650 1909 propositionem
666 1791 884 1876 :Voluntas
901 1792 1035 1913 genqit
1047 1786 1273 1873 voluntatem
1290 1846 1304 1887 ,
1311 1786 1606 1897 ficutfitpitntia
1616 1788 1873 1900 stipienriam,

324 1940 447 2023 quam
469 1911 626 1997 notavit
647 1906 887 1993 Benedistus
906 1904 1046 2017 Papa,
1064 1904 1224 2014 ejusque
1236 1903 1492 2017 .Apologiam
1510 1908 1533 1988 ὲ
1553 1906 1709 1993 Julianb
1734 1910 1872 1998 Tolee

325 2052 424 2115 tano
445 2050 647 2117 exaratam
670 2056 682 2119 s
703 2030 744 2111 δι
767 2022 991 2127 concludit·
1007 2024 1196 2111 Batavius
1216 2054 1226 2103 s
1245 2064 1270 2102 n
1293 2023 1573 2132 Quamobrem
1590 2026 1631 2109 in
1649 2027 1727 2110 istis
1748 2026 1872 2113 loeu-

324 2186 352 2228 n
376 2148 552 2232 tionibus
576 2176 585 2229 ι
608 2144 802 2253 Sapientia
823 2143 871 2225 de
881 2140 1111 2255 fttpientia,
1145 2139 1320 2223 voluntas
1339 2140 1385 2222 de
1408 2140 1597 2227 voluntate
1619 2144 1873 2255 ,utrobique
1925 2174 1934 2205 ι

254 2294 259 2303 ·
323 2304 349 2345 22
376 2264 601 2351 secundum
629 2259 872 2360 essentiam,
900 2286 984 2345 non
1011 2257 1231 2343 secundum
1253 2256 1575 2365 proprietatem,
1606 2260 1771 2345 nomina
1801 2261 1868 2346 su-

323 2420 349 2462 „
376 2406 546 2469 maantur
566 2421 610 2462 η.
630 2376 810 2462 Adducit
826 2375 993 2463 subinde
1012 2375 1128 2487 plura
1142 2402 1195 2458 ex
1211 2393 1379 2483 parente
1397 2372 1589 2459 Ansehno
1604 2378 1868 2493 inMonolog.

324 2526 414 2610 cap.
429 2526 500 2608 43.
516 2524 604 2609 quae
618 2497 659 2581 in
678 2493 788 2596 idem
801 2492 1011 2594 recidunt,
1027 2498 1070 2579 ἀ
1082 2491 1285 2604 subjunglt
1299 2522 1310 2571 ι
1323 2532 1350 2571 n
1367 2492 1416 2573 In
1433 2491 1496 2578 his
1511 2495 1699 2579 omnibus
1717 2495 1874 2606 liquet,

326 2656 353 2697 n
377 2609 908 2727 sapientiam‚&effentiam
922 2640 968 2696 ac
988 2611 1168 2720 reliqua,
1191 2606 1604 2701 secundumnaturam
1613 2614 1873 2721 accipi,nec·

330 2772 357 2812 o
382 2730 612 2832 aliudesse,
631 2728 698 2813 vel
718 2726 996 2839 essentiamde
1019 2723 1185 2816 essentia
1203 2786 1217 2829 ‚
1238 2727 1307 2811 vel
1322 2726 1559 2836 sapientiam
1580 2726 1631 2814 de
1650 2730 1870 2839 sapientia,

101 2872 103 2967 q
248 2916 251 2928 ,
328 2890 354 2930 22
381 2852 502 2960 quem
524 2845 712 2932 eamdem
732 2842 939 2929 essentiam
962 2850 1003 2931 δι
1028 2846 1291 2957 sapientiam,
1315 2871 1402 2953 quae
1426 2844 1546 2929 estin
1571 2846 1694 2931 Patre
1717 2907 1730 2946 ,
1752 2874 1873 2933 com«

326 3007 354 3049 η
380 2964 579 3050 munitari
598 2963 632 3045 F
635 2960 728 3059 ilio,
744 2965 786 3044 u
800 2960 884 3065 ejus
898 2956 987 3046 fieri
999 2961 1302 3073 propriatn,uti
1314 2962 1370 3044 est
1384 2960 1539 3061 Patris,
1552 2991 1634 3046 non
1649 2963 1868 3049 alienamn.
1901 2957 1908 3021 Ῑ

329 3084 487 3167 Similia
522 3078 674 3190 repetit
703 3077 892 3161 Petavius
927 3106 1025 3163 nutn
1050 3089 1088 3163 6.
1113 3076 1260 3189 nempe
1291 3104 1366 3187 per
1393 3075 1477 3162 illas
1505 3076 1763 3182 locutiones,
1792 3112 1869 3165 non

321 3202 501 3309 proprie,
516 3195 556 3283 &t
569 3222 610 3280 ut
629 3197 742 3295 dixi,
759 3194 899 3281 directe
909 3194 1090 3307 perfitnas
1107 3193 1293 3295 biduari,
1300 3192 1373 3304 fed
1382 3190 1500 3303 ipsam
1512 3198 1643 3304 potitis
1655 3196 1871 3312 efferttiam,

328 3314 372 3402 ἃ
392 3340 566 3400 naturam
586 3372 600 3415 ,
622 3314 676 3400 ita
697 3337 821 3395 tanen
844 3338 886 3395 ut
906 3315 945 3396 in
968 3313 1136 3425 Persona
1156 3315 1287 3427 aliqua
1309 3310 1510 3422 fitbfistenr
1530 3315 1764 3424 intelligatur
1781 3350 1799 3418 ,·
1827 3322 1870 3401 δι

326 3436 467 3544 postes
488 3430 690 3541 fiabjungit
707 3458 717 3509 ι
736 3469 761 3508 η
778 3428 927 3539 Neque
940 3434 1041 3517 verb
1055 3429 1157 3542 ,'qui
1174 3432 1260 3519 hec
1275 3426 1415 3515 dicunt
1433 3486 1448 3530 ,
1465 3450 1533 3515 aut
1545 3431 1640 3532 ista,
1656 3461 1743 3544 quae
1758 3433 1872 3518 initio

328 3592 353 3633 n
378 3550 525 3661 capitis
544 3547 687 3646 attuli,
707 3551 1039 3632 neutramnatura
1065 3552 1196 3660 *gigrtir
1209 3608 1235 3651 ,.
1252 3571 1321 3633 aut
1339 3544 1490 3747 egicano
1508 3548 1554 3636 de
1575 3548 1726 3665 effantia
1745 3550 1873 3662 nasti-

329 3708 354 3751 ι,
379 3694 472 3767 tur,
495 3662 552 3751 fic
573 3660 827 3776 intelligendi
849 3665 967 3765 sum,
992 3686 1184 3776 tanquam
1205 3665 1349 3777 propri
1393 3664 1526 3777 gigni,
1548 3665 1789 3777 produci-ve
1804 3697 1875 3766 nt-

331 3824 359 3867 „
381 3804 517 3869 turam
538 3782 740 3891 velint...
761 3839 771 3860 .
794 3780 930 3889 Quare
955 3778 1009 3868 sie
1032 3786 1329 3873 enuntiationes
1342 3783 1422 3866 istae
1441 3779 1689 3869 declarandae
1702 3786 1874 3885 samt„ut

334 3942 361 3982 n
385 3902 465 3986 hoe
488 3896 748 4013 significent,
769 3896 936 3983 Patrem
953 3900 1159 4013 gignendo
1181 3902 1334 3986 Filium
1367 3898 1478 3983 suam
1508 3898 1583 4009 ipsi
1604 3900 1873 3987 comunicasIe

335 4060 362 4100 ι,
387 4038 569 4103 nonnam
591 4048 602 4110 3
626 4016 706 4101 hoc
726 4015 837 4099 euim
860 4018 917 4099 est
932 4021 1088 4127 gignere
1107 4045 1282 4103 naturam
1303 4077 1317 4118 ,
1337 4014 1518 4101 derivare
1534 4046 1625 4104 eam
1642 4019 1684 4103 in
1702 4020 1873 4114 Filiums

334 4176 363 4218 ‚a
390 4139 433 4221 ὅ(
453 4161 589 4219 natura
603 4134 733 4243 genita
748 4132 867 4217 idem
889 4136 973 4234 est,
996 4164 1041 4219 ac
1065 4138 1326 4249 generatione
1341 4132 1555 4223 transfusa

333 4280 380 4332 a·
394 4252 595 4339 XXVIII.
621 4250 689 4335 De
717 4248 862 4335 eadem
880 4252 1047 4349 materia
1065 4282 1187 4366 agens
1210 4252 1398 4341 Petavius
1419 4279 1510 4362 cap.
1538 4283 1601 4338 12.
1616 4282 1726 4339 num.
1745 4283 1783 4337 2.
1799 4251 1878 4337 dis·

337 4368 486 4482 tinguit
512 4368 733 4454 terminum
762 4368 1000 4479 adaequarunt
1024 4428 1037 4471 ,
1059 4370 1359 4483 generationis,
1389 4396 1511 4479 quem
1529 4370 1627 4457 dicit
1657 4368 1736 4455 esse
1767 4372 1886 4457 iilam

337 4514 457 4587 rem,
480 4502 568 4595 que
588 4484 797 4598 gignitur,
821 4490 863 4569 δι
885 4487 970 4573 haec
994 4488 1050 4571 est
1070 4490 1241 4596 persona
1263 4489 1444 4575 constans
1466 4514 1520 4571 ex
1538 4485 1704 4573 essentia
1724 4492 1766 4573 dt
1779 4516 1877 4598 pro·

337 4604 541 4713 prietate,
562 4602 651 4713 quae
682 4602 764 4686 sola
783 4601 945 4696 veti&
974 4603 1122 4689 diresle
1147 4604 1271 4719 gigni·
1284 4603 1464 4695 diciturs
1487 4608 1533 4689 &¹
1557 4607 1777 4713 terminum
1789 4606 1881 4717 fian.
2041 4648 2048 4672 -ι

203 4748 208 4759 ’
337 4722 503 4821 nalem,
526 4722 595 4829 qui
617 4722 673 4803 est
691 4721 992 4831 naturagenito
1009 4724 1308 4813 cornmunitata
1319 4766 1339 4824 ,·
1354 4727 1395 4806 δι
1408 4720 1452 4806 in
1471 4722 1601 4833 ipsum
1610 4723 1818 4813 derivatas
1834 4726 1878 4809 ὅ(

339 4834 550 4936 concludit
569 4867 580 4917 t
595 4838 758 4945 proinde
768 4866 885 4949 neque
890 4840 1003 4949 gigni
1011 4898 1029 4940 ,
1046 4868 1162 4951 nequa
1179 4842 1334 4951 gignere
1346 4838 1534 4958 effintiam
1548 4897 1562 4939 ,
1572 4839 1656 4953 fit,
1668 4866 1709 4929 ut
1724 4840 1879 4946 exisere

336 4956 578 5065 generatione
604 4956 689 5064 iprd
699 4955 876 5064 fingente
892 4988 909 5058 ,·
933 4956 1060 5040 verrin
1086 4984 1240 5041 carerem
1257 4981 1301 5041 ιιι
1317 4957 1478 5063 exulent
1495 4960 1782 5045 communicetur
1800 4956 1878 5041 Fi·

340 5070 419 5170 sia,
443 5070 503 5154 ves
525 5071 661 5179 existar
679 5072 720 5153 in
739 5072 879 5174 lisina
897 5077 939 5156 δι
962 5075 1127 5183 agenta
1150 5102 1260 5158 num.
1282 5098 1331 5183 3»
1347 5074 1397 5159 de
1418 5072 1604 5172 dillidio,
1629 5072 1697 5180 qui
1716 5069 1879 5173 vidente
2037 5132 2041 5139 .

342 5185 423 5280 effe
446 5186 553 5279 inter
570 5186 826 5280 Richardum
841 5186 892 5277 de
909 5189 1241 5280 Sanno-Vidua
1259 5188 1528 5303 ,assutorem
1538 5185 1881 5311 fitbstanripatgigs·
