5150 6667
683 643 1651 812 n1ssn,nr.v11‘1..§.1v.
1834 695 1923 791 ης

335 841 341 858 ’
379 827 541 942 species
568 857 579 921 ;
609 811 906 935 &supponens
937 843 995 904 ac·
1006 809 1325 929 praetermittens
1344 817 1645 918 mutationem,
1677 842 1802 928 quae,
1829 819 1930 905 dum

384 923 707 1058 corrumpuntur
728 941 884 1051 species
898 998 920 1048 p,
944 935 992 1023 fit
1010 933 1223 1038 innovam
1242 935 1497 1020 substantiam
1514 937 1657 1046 panio,
1679 964 1732 1021 ex
1753 964 1831 1047 qua
1852 941 1929 1024 im·
2075 1036 2084 1052 ·

386 1063 560 1153 mediate
583 1064 762 1148 nutritur
779 1060 906 1142 homo
938 1090 949 1139 ε
985 1057 1087 1140 hanc
1112 1052 1384 1139 nutritionem
1409 1053 1640 1138 immediatd
1665 1055 1861 1141 subnectit
1886 1064 1937 1144 &-

378 1187 513 1278 refert
525 1183 576 1268 ad
591 1177 846 1268 substantiam
859 1174 1003 1286 panis,
1025 1173 1359 1292 postquamestin
1375 1200 1524 1283 corpus
1536 1171 1699 1288 ‚Christi
1717 1178 1928 1269 conversa;

388 1303 486 1400 licitv
504 1303 614 1388 enim
634 1293 846 1384 substantia
866 1291 981 1403 panis
1016 1291 1057 1374 in
1088 1318 1237 1400 corpus
1261 1290 1413 1375 Christi
1440 1294 1632 1377 conversa
1654 1293 1744 1403 ,in
1772 1293 1859 1400 ejus
1888 1301 1930 1379 δι

244 1497 246 1502 ,
385 1421 572 1508 omnium
593 1418 740 1517 sensu,
777 1409 826 1496 s1t
855 1410 987 1521 ipsum
1016 1437 1160 1493 verum
1182 1435 1331 1518 corpus
1365 1407 1547 1513 Christi,
1589 1424 1674 1494 non
1696 1425 1930 1522 propterea

387 1541 508 1626 sentit
529 1566 625 1623 cum
645 1525 870 1619 notorious
905 1528 1022 1636 supra
1040 1585 1053 1628 ,
1069 1548 1193 1608 num.
1206 1551 1237 1636 »ς
1251 1555 1283 1610 ι.
1312 1528 1447 1612 relatis
1470 1588 1483 1626 ,
1517 1531 1586 1638 qui
1608 1529 1757 1613 dicunt
1780 1560 1930 1641 corpus

388 1656 541 1758 Christi
558 1653 745 1741 corilerti
762 1653 805 1732 δι
824 1644 1162 1740 transubstantiari
1180 1644 1221 1728 in
1236 1648 1409 1730 nostram
1424 1647 1704 1739 substantiain·;
1728 1647 1796 1733 sed
1811 1650 1932 1732 intel-

388 1760 477 1890 ligit
500 1776 612 1882 iuxta
628 1773 712 1880 ejus
734 1764 961 1854 doctrinam
993 1762 1110 1872 supra
1133 1762 1306 1871 operose
1329 1760 1581 1874 expofitam,
1600 1765 1792 1850 videlicet
1823 1767 1933 1877 quod

266 1929 280 1942 ·
390 1895 536 2006 prius,
559 1891 655 1975 dum
668 1877 989 1993 corrumpuntur
1007 1880 1192 1989 species,
1214 1875 1261 1986 fit
1279 1883 1558 1998 transmutatio
1582 1884 1623 1965 in
1646 1912 1795 1971 novam
1817 1885 1932 1993 panis
2051 1948 2077 1984 2

392 2012 644 2098 ubstantiam
663 2069 676 2108 ,
694 2036 748 2091 ex
773 2029 850 2116 qua
868 1995 1103 2082 immediate
1126 1992 1173 2079 fit
1192 2000 1388 2100 nutritio,
1421 2029 1541 2111 quam
1564 2028 1712 2112 novam
1731 2005 1933 2092 transmu-
2010 2093 2035 2118 ..
2134 2087 2140 2100 ,
2208 2085 2216 2097 ,

392 2131 622 2228 tationem,
657 2117 950 2249 compendiosp
971 2118 1141 2225 loquens
1164 2118 1408 2230 ,supposuit
1439 2148 1494 2231 ex-
1520 2121 1614 2204 alibi
1636 2118 1749 2204 dieis
1782 2152 1793 2214 ;
1829 2121 1932 2206 hanc

386 2260 525 2334 autem
547 2245 816 2329 nutritionem
836 2234 965 2320 refert
982 2234 1033 2318 ad
1051 2231 1166 2344 panis
1188 2234 1466 2339 substantiam,
1482 2267 1571 2348 quae
1593 2237 1671 2322 fuit
1686 2241 1877 2323 conver'sa
1891 2239 1936 2324 iii

391 2367 542 2453 Christi
565 2388 743 2476 corpus,
769 2365 809 2444 &
833 2353 883 2438 de
904 2353 988 2463 ipsa
1009 2351 1119 2436 illam
1145 2351 1346 2456 affirmat,
1371 2376 1460 2462 tum
1488 2356 1581 2466 quia
1610 2356 1651 2438 in
1676 2356 1758 2465 ipsa
1779 2358 1935 2467 incepit

391 2487 521 2596 prima
542 2479 822 2567 transmutatio
843 2533 856 2575 ,
879 2470 930 2558 ad
952 2493 1105 2583 quam,
1129 2470 1333 2584 mediante
1352 2474 1453 2572 alian
1476 2476 1562 2558 haec
1576 2474 1720 2584 ultima
1734 2475 1936 2593 subsequi-

393 2625 492 2698 turn
516 2623 605 2686 tum
626 2600 751 2684 etiam
775 2594 869 2706 quia
885 2590 972 2673 haec
991 2588 1162 2673 nutritio
1185 2585 1233 2672 fit
1253 2595 1307 2702 erc
1324 2591 1469 2701 eadem
1491 2591 1533 2675 in
1557 2592 1691 2702 specie
1723 2594 1935 2677 substantia

370 2795 372 2798 ,
394 2721 508 2831 panis
528 2779 541 2821 ,
561 2715 656 2802 licet
678 2745 760 2802 non
775 2743 828 2800 ex
845 2707 990 2793 eadem
1013 2708 1054 2792 in
1073 2706 1282 2793 individuo
1302 2710 1440 2819 ‚aquia
1470 2710 1536 2793 illa
1563 2711 1695 2819 prima
1727 2711 1939 2802 individua

396 2835 607 2942 substantia
627 2834 741 2942 panis
759 2831 837 2916 fuit
860 2825 1043 2912 totaliter
1066 2821 1258 2911 conversa
1286 2831 1327 2911 in
1351 2856 1499 2938 corpus
1523 2827 1702 2928 Christi,
1738 2829 1936 2938 atque‘ita
1992 2875 2016 2930 ·.
2051 2857 2058 2868 ·

395 2955 461 3040 illa
482 2952 694 3064 substantia
715 2951 829 3059 panis
857 2944 1049 3030 conversa
1070 2945 1111 3027 in
1135 2973 1284 3054 corpus
1316 2945 1472 3030 christi
1493 2998 1515 3046 ,·
1536 2943 1618 3036 fine
1659 2945 1936 3033 accidentibus
2005 3031 2014 3046 ,
2133 3025 2139 3034 .

368 3063 546 3159 ‘Christi
569 3068 821 3156 convertitur
843 3067 959 3170 (non
984 3058 1245 3163 immediate,
1264 3067 1306 3148 dc
1325 3091 1401 3174 per
1427 3065 1466 3148 se
1486 3063 1647 3174 ipsam,
1675 3065 1782 3174 quia·
1796 3093 1873 3175 per
1896 3067 1935 3150 se
2084 3141 2095 3160 ‚
2139 3107 2149 3124 ·

398 3193 523 3303 ipsam
546 3188 646 3272 nihil
668 3189 723 3271 est
741 3230 759 3286 9
779 3184 847 3270 sed
869 3178 1072 3283 mediati,
1087 3179 1280 3265 videlicet
1295 3182 1502 3298 mediante
1516 3184 1622 3267 nova
1635 3183 1847 3267 substantii
1864 3212 1937 3293 pa·
1970 3227 1975 3238 ·
2094 3168 2101 3183 ⁹

399 3309 460 3393 nis
481 3307 709 3420 producti,
733 3303 784 3387 ad
817 3327 934 3413 quam
957 3300 1101 3408 prius,
1133 3297 1231 3383 dum
1254 3315 1573 3412 corrumpuntur
1604 3301 1863 3403 accidentia,
1889 3298 1939 3385 fit

398 3456 500 3510 nova
519 3422 798 3510 transmutatio
819 3429 838 3532 )
862 3421 903 3503 in
935 3419 1190 3503 substantiam
1215 3418 1450 3528 recipientis
1479 3448 1627 3529 corpus
1661 3421 1811 3505 Christi
1846 3451 1857 3512 ;
1891 3449 1937 3504 ac

395 3543 568 3654 proinde
593 3567 674 3626 non
695 3539 818 3624 debet
842 3534 983 3622 inferri
998 3536 1109 3646 qnod
1123 3537 1189 3622 illa
1202 3537 1335 3646 prima
1352 3527 1562 3622 'substantia
1584 3540 1697 3648 panis
1719 3538 1939 3625 secundum
2023 3639 2030 3650 Ι

396 3663 508 3745 suum
532 3659 612 3746 effe
634 3677 904 3770 permaneat,
924 3654 1016 3764 quia
1038 3682 1090 3738 ex
1105 3653 1226 3739 [allo
1249 3655 1291 3738 in
1305 3655 1384 3740 hoc
1404 3656 1553 3741 eodem
1571 3658 1735 3751 libro&
1752 3659 1940 3768 εις-ἥψω
1978 3685 1982 3690 ’

397 3781 531 3864 relatis
545 3777 727 3863 totaliter
745 3771 1119 3862 transubstantiatur
1132 3773 1172 3888 in
1192 3793 1344 3883 corpus
1368 3773 1541 3874 Christi,
1557 3780 1598 3858 ἀ
1621 3775 1719 3857 nihii
1733 3778 1788 3857 est
1807 3764 1943 3882 quoad

398 3898 594 4008 seipsam,
617 3895 686 3994 sed
708 3922 783 4005 per
802 3885 1113 3978 conversionem
1128 3894 1184 3974 esi
1206 3891 1336 4000 ipsum
1355 3901 1512 4004 corpus'
1524 3892 1674 4002 Christi
1693 3919 1850 3977 verum.

423 4017 426 4022 ’
460 4016 606 4104 LVII:
632 4015 754 4112 Hoc,
785 4030 1059 4122 praeterquam
1087 4007 1197 4119 quod
1215 4014 1368 4104 constat
1389 4039 1441 4095 ex
1463 4011 1650 4096 orn'nibus
1671 4012 1787 4120 supra
1807 4008 1941 4094 relatis

403 4133 515 4216 Lulii
528 4131 733 4231 textibus,
752 4130 822 4213 sub
838 4126 1076 4212 omnimoda
1090 4125 1342 4237 expressione
1362 4131 1632 4215 manifestatur
1649 4131 1690 4240 in
1705 4131 1944 4239 subsequen·
1955 4185 1973 4221 .

404 4251 511 4334 tibus
528 4312 540 4351 ,
559 4246 773 4360 ex'quibus
789 4243 1026 4339 fitoevidens
1041 4305 1055 4346 ,
1071 4245 1180 4355 quod
1195 4245 1306 4352 juxta
1324 4249 1454 4357 ipsum
1479 4248 1689 4333 substantia
1707 4236 1821 4358 panis
1834 4269 1945 4331 tran-

402 4369 655 4454 substantiata
674 4369 715 4450 in
738 4393 888 4486 corpus
918 4363 1068 4448 Christi
1090 4364 1172 4470 jam
1199 4393 1281 4447 non
1304 4370 1361 4449 est
1382 4366 1496 4482 panio
1516 4367 1747 4467 substantia,
1769 4365 1943 4450 sedtan-

404 4489 491 4571 tum
516 4481 729 4570 substantia
752 4481 1030 4574 Iesu-‚Christi
1061 4483 1112 4566 In
1131 4475 1237 4566 Lec'l.
1255 4510 1329 4568 ort.
1353 4487 1479 4567 inven.
1508 4483 1548 4570 ἃ
1569 4486 1670 4567 Tab.
1686 4515 1774 4594 gen.
1789 4486 1893 4568 Dist.
1908 4510 1945 4594 3.

248 4633 253 4641 ·
402 4633 443 4714 p.
467 4635 501 4690 1.
518 4633 556 4715 q.
579 4629 613 4714 5.
633 4604 674 4686 in
698 4603 811 4709 ejus,
825 4615 867 4712 q.
897 4625 936 4710 ς.
956 4593 1071 4683 num.¹
1100 4622 1134 4682 1.
1157 4591 1318 4702 scribit,
1342 4602 1452 4712 quiid
1473 4626 1549 4713 per
1562 4601 1945 4688 transubstantiatio-

404 4751 499 4810 nem
513 4722 724 4833 firbflantia
747 4780 762 4821 ,
784 4749 868 4832 qua
888 4720 1042 4814 diozittt't
1079 4721 1337 4836 quantitatem·
1350 4723 1469 4829 panis
1482 4719 1532 4806 ’ἃ
1549 4724 1668 4824 vini,
1690 4751 1765 4806 non
1792 4724 1845 4830 esd
1864 4723 1944 4803 alia

396 4839 607 4950 fitbstanria
640 4843 762 4950 pudor
776 4837 986 4948 firbstantia
1010 4827 1314 4947 'Jefiteckristiss5
1333 4833 1392 4923 ²&
1421 4825 1532 4960 urrini.
1564 4870 1600 4952 ².-
1618 4839 1947 4951 ficu‘ofitbstontia

398 4962 517 5068 panis
543 4955 584 5043 δ’
607 4959 688 5047 vini
714 4954 1045 5065 tranfitbstantiota
1077 4955 1202 5062 existit
1223 4953 1435 5066 fitbstontia
1458 4951 1724 5068 'defit-Christi.
1763 4956 1820 5037 Et
1842 4981 1880 5062 q.
1905 4985 1945 5058 9.

375 5177 377 5182 ,
406 5106 517 5162 num.
544 5084 582 5156 6.
605 5075 659 5158 Et
675 5073 744 5156 illa
761 5073 1091 5184 tranfirbstantiota
1111 5072 1322 5182 firbssttnria
1344 5077 1396 5183 ess
1416 5104 1551 5185 corpus
1569 5074 1715 5180 Christi.
1744 5073 1810 5154 Ex
1831 5073 1947 5158 druis
2022 5066 2026 5081 ’

273 5187 276 5196 ’
406 5197 561 5280 constat
575 5190 1037 5302 qubd'transubstantiata
1051 5190 1169 5298 panis
1180 5191 1599 5302 firbstantiaest-ipsuin
1616 5218 1764 5298 corpus
1777 5188 1947 5293 Christi,

411 5317 451 5414 dt
470 5311 636 5426 quidem
659 5311 929 5400 conformiter
946 5305 1072 5396 ad'D.
1092 5303 1247 5394 Thoai.
1271 5305 1571 5411 in.4.'dist.·{11.
1592 5336 1631 5420 q.
1658 5311 1951 5402 narrarit-ca

531 5431 642 5520 Toni.
672 5431 779 5520 ΙΙΙ.
1688 5427 1763 5513 Bb
