5150 6667
756 605 848 700 rso
969 592 1264 690 vinoso.
1304 567 1516 681 tutu.
1557 590 1706 680 ron.
1751 593 1857 682 tri
1889 597 2058 686 orsi.
2089 597 2125 686 r.

761 745 846 846 da,
872 743 913 827 in
936 767 1012 852 qua
1034 743 1056 822 l
1077 759 1184 830 novo
1208 765 1312 847 pane
1339 757 1638 846 recuperantur.
1656 737 1739 847 ipsa
1764 736 2000 825 accidentia.
2029 742 2177 854 Neque
2194 745 2307 853 juvat

714 963 717 968 ¹
759 861 1033 972 exemplum,
1056 878 1101 941 ut
1123 857 1300 966 opponit
1328 854 1509 939 laudatus
1543 854 1703 941 Censor
1733 886 1743 952 ς
1772 859 1879 942 Sicut
1890 857 2103 970 substantia
2127 891 2305 973 argentea

717 969 719 974 ’
744 982 919 1096 scyphi,
937 977 1194 1088 quoefiguram
1216 972 1401 1089 dimiffltm
1424 1004 1640 1083 recuperare
1648 973 1800 1083 potest;
1820 977 1984 1085 quiaest
2001 1005 2151 1087 purum
2169 1008 2310 1066 exem·

741 1101 906 1211 (plum,
937 1094 1047 1205 quod
1074 1123 1157 1177 non
1185 1113 1299 1177 tenet
1321 1090 1370 1189 in,
1386 1092 1607 1192 omnib'us,
1637 1098 1679 1176 ὅ(
1706 1093 1844 1203 soldm
1857 1092 2072 1198 adducitur
2090 1096 2143 1182 ad
2164 1100 2310 1210 expla-

745 1214 942 1304 nandum
960 1212 1230 1296 mutationem
1249 1207 1533 1309 succeffivam,
1552 1237 1641 1318 quae
1663 1212 1796 1318 potest
1813 1208 1921 1305 elle;
1942 1217 1984 1296 dc
2006 1210 2312 1320 simultaneam,

760 1363 850 1446 quae
875 1362 959 1416 non
979 1333 1112 1441 potest
1135 1325 1214 1413 elle
1228 1386 1249 1428 ,
1276 1346 1473 1437 quatenus
1492 1328 1703 1410 substantia
1725 1349 1918 1440 argentea
1938 1326 2058 1414 fimul
2075 1361 2158 1417 non
2177 1337 2312 1443 potest

760 1450 839 1539 else
864 1452 934 1534 sub
950 1445 1079 1564 figura
1101 1447 1244 1556 scyphi
1267 1451 1309 1528 ὅ(
1325 1441 1476 1527 cillorii
1497 1473 1508 1536 ;
1532 1446 1623 1554 post
1644 1442 1857 1530 trarrfitum
1875 1468 2012 1533 tamen
2030 1451 2051 1531 b
2069 1443 2198 1564 figura
2216 1454 2311 1565 scy-

758 1571 832 1682 phi
854 1568 905 1654 ad
923 1564 1096 1680 figuram
1118 1561 1295 1663 cifforii,
1325 1564 1458 1670 potest
1475 1561 1610 1646 redite
1634 1561 1686 1646 ad
1707 1557 1879 1676 figmam
1906 1567 2086 1677 scyphi,
2110 1597 2195 1655 non
2218 1571 2310 1679 qui·
2407 1597 2410 1601 ·

759 1689 856 1774 dem
879 1686 1028 1797 primi,
1056 1680 1125 1767 sed
1147 1681 1276 1765 novi:
1300 1680 1355 1762 ita
1374 1683 1465 1789 post
1486 1679 1865 1766 tranllnutationem
1887 1681 2109 1768 substantiae
2132 1687 2250 1796 panls
2270 1689 2313 1773 in

760 1833 912 1916 corpus
935 1801 1112 1900 Christi,
1133 1798 1292 1910 quando
1307 1825 1383 1908 per
1398 1825 1545 1894 novam
1559 1799 1938 1884 transmutationem
1955 1800 2062 1887 redit
2075 1806 2215 1913 panis,
2229 1833 2312 1892 uon

761 1925 870 2010 redit
892 1943 1027 2006 tamen
1051 1920 1204 2028 primus
1227 1917 1365 2027 panis,
1381 1915 1447 1999 ille
1471 1916 1651 2018 scilicet,
1676 1917 1747 2034 qui
1763 1916 1842 2002 fuit
1859 1920 2077 2004 conversus
2096 1922 2137 2005 in
2158 1951 2312 2034 corpus

762 2041 943 2143 Christi,
970 2038 1040 2124 sed
1063 2033 1259 2122 secundus
1283 2040 1326 2118 ὅ(
1348 2061 1506 2118 novus:
1531 2033 1653 2118 Unde
1676 2063 1760 2119 non
1784 2036 1957 2122 intendit
1978 2038 2154 2140 Lullus,
2177 2041 2311 2152 qubd,

576 2254 580 2262 ,
762 2157 866 2262 ficut
889 2157 1100 2242 substantia
1122 2174 1313 2266 argentea
1334 2179 1500 2236 manens
1523 2150 1667 2237 eadem
1695 2152 1735 2236 in
1758 2154 1883 2264 seipsa
1908 2214 1923 2256 ,
1958 2157 1981 2237 l
2011 2151 2141 2269 figura
2166 2158 2312 2271 scyphi

679 2284 684 2292 '
762 2298 943 2361 mutatur
958 2277 997 2358 in
1013 2272 1184 2388 liguram
1203 2269 1367 2370 cislorii,
1385 2271 1464 2353 &l
1483 2264 1611 2383 figura
1625 2268 1775 2355 cillorii
1789 2272 1830 2355 in
1842 2268 2016 2384 figuram
2033 2277 2131 2360 novi
2146 2275 2308 2389 scyphi:
2474 2381 2481 2386 .

680 2439 683 2444 ·
763 2397 821 2480 ita
843 2394 1052 2478 substantia
1074 2390 1188 2501 panls
1208 2415 1375 2474 manens
1397 2384 1541 2471 eadem
1562 2387 1852 2513 transmutetur
1865 2391 1907 2473 in
1921 2419 2069 2502 corpus
2083 2392 2254 2504 Christi,
2269 2399 2311 2480 ἀ

745 2517 788 2596 ,ὲ
811 2540 986 2624 corpore
1010 2510 1165 2596 Christi
1182 2507 1222 2592 in
1243 2535 1398 2592 novum
1424 2531 1573 2615 panem
1591 2535 1603 2598 ;
1624 2507 1717 2617 quia
1733 2535 1786 2590 ex
1802 2508 1919 2620 ipso,
1944 2511 2226 2596 transmutatio
2241 2539 2312 2623 pa-

743 2629 828 2716 nis
852 2634 893 2718 in
916 2657 1065 2740 eorpus
1085 2627 1236 2714 Christi
1257 2627 1315 2710 est
1336 2621 1628 2724 substantialis,
1660 2628 1702 2709 or
1734 2653 1787 2710 ex
1821 2627 1895 2712 bac
1919 2626 2063 2713 eadem
2095 2631 2311 2741 quaestione

764 2777 878 2834 num.
909 2777 943 2830 1.
965 2745 1013 2831 fit
1032 2744 1259 2830 formaliter
1283 2748 1326 2827 ὅ(
1343 2741 1632 2842 materialiter,
1651 2767 1697 2826 ac
1712 2744 1919 2845 totaliter,
1942 2744 1997 2829 ita
2011 2768 2059 2830 ut
2076 2764 2165 2834 tota
2181 2746 2311 2834 ellen-

747 2867 824 2966 ¹tia
846 2864 1069 2950 substantiae
1088 2863 1203 2973 panis
1236 2861 1558 2945 transmutetur:
1590 2858 1701 2969 quod
1729 2889 1811 2948 non
1841 2863 1979 2946 evenit
2009 2865 2051 2948 in
2087 2868 2313 2951 mutatione

593 2977 605 2992 ⁶
766 2984 989 3070 substantiae
1012 3002 1225 3096 argenteae.
1249 2977 1416 3063 Deinde
1443 3005 1496 3061 ex
1516 2976 1603 3085 ipso
1626 2978 1748 3061 Lullo
1765 2979 1877 3085 juxta
1897 2981 2022 3067 verba
2043 2985 2167 3068 relata
2197 3011 2308 3068 num.

768 3132 809 3212 7.
824 3131 899 3212 per
915 3101 994 3185 hoc
1019 3099 1114 3186 diffe
1177 3094 1456 3184 transmutatio
1471 3095 1729 3182 eucharistica
1749 3097 1797 3180 ab
1817 3097 1902 3180 aliis
1926 3101 2250 3209 operationibus,
2269 3105 2312 3185 dt

617 3243 623 3252 ·
750 3216 970 3332 signanter
984 3219 1031 3301 ab
1055 3122 1278 3316 artlbciali,
1302 3213 1427 3325 qualis
1450 3213 1507 3296 est
1527 3211 1653 3297 relata
1674 3215 1847 3317 mutatio
1864 3239 2074 3329 argentea,
2097 3219 2208 3329 qubd
2226 3221 2313 3304 har
2341 3214 2343 3217 ’

766 3333 816 3421 fit
832 3361 1077 3448 permanente.
1091 3333 1241 3448 effentirl
1256 3329 1299 3416 fr
1317 3332 1453 3414 nuturd
1467 3330 1678 3437 -operabilis
1693 3334 1739 3432 ‚in
1756 3359 1908 3441 operato
1918 3367 1938 3434 ,·
1951 3326 2314 3421 iransubstantr'ario

766 3456 867 3537 verb
887 3449 957 3536 fiat
983 3483 1058 3535 non
1075 3473 1317 3560 permanente
1343 3445 1494 3561 efferttid
1514 3443 1555 3531 ἃ
1575 3451 1714 3533 naturis
1724 3447 1915 3558 faciibilir
1937 3453 1976 3533 in
1989 3450 2129 3561 fufio,
2152 3454 2232 3538 hoc
2254 3451 2313 3538 est

768 3568 1163 3654 transubstantiabilis
1178 3566 1293 3676 panls
1307 3565 1349 3646 in
1364 3591 1538 3673 corpore
1549 3562 1723 3667 Christi,
1738 3567 1779 3652 in
1795 3566 1904 3678 quod
1918 3571 1974 3653 est
1990 3570 2313 3654 transubstantia-

768 3707 855 3771 tus:
871 3684 1018 3785 Unde,
1033 3681 1135 3768 ficut
1148 3711 1201 3768 ex
1218 3710 1270 3768 eo
1285 3680 1396 3792 qubd
1408 3681 1545 3791 plures
1559 3681 1701 3769 Patres
1717 3691 1758 3768 dc
1772 3685 1978 3771 Dodones
1991 3687 2199 3797 explicent
2211 3689 2317 3772 hanc
2458 3676 2462 3684 ’

768 3801 1230 3892 transubstantiationem
1256 3800 1307 3884 ad
1335 3799 1505 3884 modum
1526 3826 1608 3909 quo
1627 3801 1837 3888 substantia
1858 3804 2040 3890 alimenti
2063 3805 2318 3891 convertitur

742 3927 749 3944 '
767 3922 811 4007 in
834 3922 1088 4008 substantiam
1110 3920 1216 4012 aliti;
1233 3924 1369 4028 &quo
1392 3917 1506 4031 virga
1522 3917 1774 4029 Moysrssuit
1790 3923 1903 4008 versa
1917 3921 1959 4006 in
1981 3925 2253 4024 Draconem,
2274 3924 2319 4006 in

768 4041 915 4150 quibus
930 4033 1261 4162 conversionibus
1276 4034 1421 4122 eadem
1441 4036 1609 4120 materia
1631 4061 1768 4134 manet
1794 4041 1836 4124 in
1858 4042 2036 4126 termino
2054 4044 2076 4123 l
2098 4069 2179 4152 quo
2202 4045 2244 4126 δι
2266 4037 2320 4124 ad

770 4171 895 4270 quem
910 4217 932 4258 ,,
946 4187 1029 4240 non
1045 4178 1181 4241 tamen
1195 4154 1370 4258 insertur
1391 4155 1499 4265 ipsos
1520 4177 1662 4241 tenere
1679 4156 1868 4243 eamdem
1889 4160 2100 4246 materiam
2117 4158 2234 4269 panis
2255 4184 2321 4244 re·

752 4303 936 4364 manere
960 4275 1000 4358 in
1024 4273 1298 4359 Eucharistia:
1326 4274 1382 4359 ita
1404 4301 1535 4383 neque
1557 4301 1611 4358 ex
1640 4275 1751 4359 Lulli
1776 4278 1966 4388 exemplo
1989 4276 2161 4362 infertur
2182 4303 2319 4362 rema·

753 4421 870 4482 nere
889 4393 929 4475 in
949 4393 1198 4477 Eucharistia
1215 4389 1403 4477 eamdem
1416 4391 1531 4501 panis
1553 4391 1808 4494 substantiam
1826 4393 1960 4506 quoad
1971 4397 2089 4480 suum
2102 4391 2200 4478 else.

829 4511 1022 4620 XXXIX.
1056 4508 1273 4611 Tandem,
1292 4531 1339 4615 ut
1359 4509 1514 4603 facilius
1536 4510 1811 4624 intelligantur
1828 4512 2201 4612 transmutationes,
2216 4537 2317 4620 quat

755 4629 903 4736 „itanuit
926 4629 1066 4712 Lullus
1088 4630 1130 4712 in
1154 4649 1294 4714 notato
1314 4629 1481 4728 Textu,
1505 4633 1547 4712 ἀ
1565 4630 1739 4740 reliqua,
1759 4658 1848 4741 quae
1865 4633 1906 4716 in
1921 4631 2008 4741 ipso
2027 4630 2325 4738 continentur,

770 4747 1024 4852 notandum,
1043 4743 1392 4856 apudomneselle
1404 4745 1684 4852 difficillimam
1695 4745 2326 4859 explicationemtransmutatio·

768 4867 835 4954 nia
848 4867 962 4978 panis
982 4868 1194 4973 in-corpus
1205 4863 1384 4965 Christi,
1413 4868 1456 4948 δι
1473 4865 1734 4966 mutationis,
1757 4867 1862 4975 qud,
1882 4866 1980 4949 dum
1999 4883 2326 4976 corrumpuntur

754 4987 925 5097 ,speeies
943 4983 1275 5083 sacramentales,
1295 4977 1476 5066 suceetbt
1489 5007 1595 5070 nova
1608 4984 1830 5068 substantia.
1851 4982 2119 5069 Conveniunt
2135 4978 2327 5093 profesti)

772 5131 915 5190 ornnes
932 5099 1163 5199 Catholici,
1180 5103 1222 5184 oc
1241 5097 1384 5180 Lullus
1402 5098 1589 5208 expresse
1610 5101 1759 5201 docet,
1784 5099 1894 5208 qubd
1911 5121 2001 5185 tota
2021 5099 2236 5186 substantia
2252 5125 2328 5208 pa-

773 5219 835 5318 ult
855 5218 1035 5309 totaliter
1061 5213 1429 5334 transubstpntlatur
1463 5218 1504 5305 in
1532 5245 1681 5330 corpus
1714 5215 1876 5303 Christi.
1901 5217 2170 5317 Conveniunt
2196 5214 2331 5340 ‘etiam
