5150 6667
621 624 1327 781 nrssnursvm.
1388 686 1427 803 ς.
1487 690 1524 777 1.
1686 653 1846 810 '157

295 842 327 919 ’π
350 835 613 936 miraculum,
628 840 670 919 ὅ(
686 832 797 945 quod
810 828 857 917 fit
871 818 1035 943 saepius,¹
1052 835 1094 915 ὅ(
1110 829 1220 941 quad
1237 827 1285 915 fit
1303 832 1345 915 in
1363 830 1547 941 pluribus
1561 831 1661 919 locis
1675 892 1690 934 ,
1703 836 1846 946 supre-

296 996 326 1038 η
350 983 465 1039 mum
490 954 648 1039 bonum
679 940 810 1037 voluit
848 949 1149 1049 demonstrare,
1180 949 1220 1033 se
1256 946 1337 1033 esse
1359 950 1592 1091 Domuum
1632 972 1796 1036 naturae.
1817 998 1851 1039 n·

297 1070 429 1156 Numa
449 1098 610 1181 quoque
636 1098 676 1179 7.
698 1098 725 1139 a
739 1058 896 1169 Unde,
927 1062 959 1151 fi
980 1087 1026 1150 tu
1047 1094 1091 1149 es
1114 1064 1350 1178 Praesbyter
1371 1128 1386 1170 ,
1417 1071 1460 1153 ἀ
1479 1066 1580 1150 dien
1611 1071 1737 1154 verba
1758 1098 1847 1179 quae

301 1230 328 1271 n
352 1189 603 1323 convfniunt
617 1182 826 1272 Sacrificio
839 1183 1374 1294 Altaris,·quantuscumque
1392 1206 1586 1294 peccator
1613 1183 1694 1287 fis,
1713 1208 1853 1271 totum

300 1346 328 1401 n
352 1309 430 1392 hoc
455 1336 538 1391 non
552 1306 705 1405 obstat,
728 1301 840 1415 qubd
856 1302 995 1386 Hostia
1013 1331 1090 1384 non
1112 1297 1458 1411 tranficbstantictur
1480 1286 1525 1385 in
1550 1302 1714 1413 Corpus
1739 1306 1854 1389 Jesu*

302 1466 328 1506 n
354 1424 503 1510 Christi
516 1423 538 1524 ,'
553 1421 664 1533 quod
686 1423 742 1505 est
773 1420 899 1526 majus
922 1438 949 1519 ,g
974 1421 1094 1527 quam
1121 1446 1264 1513 omnes
1286 1420 1372 1502 aliae
1391 1441 1588 1503 creaturae
1611 1422 1631 1525 (
1652 1422 1706 1506 ob
1729 1422 1851 1508 unio-

301 1584 331 1634 v
351 1571 448 1628 nem
465 1540 618 1625 scilicet
636 1539 909 1647 cumverbo')
931 1538 973 1619 ἂ
996 1531 1100 1618 finit·
1114 1536 1154 1618 se
1177 1534 1340 1620 comedi
1363 1542 1405 1621 ὅ(
1428 1538 1586 1621 uastari
1609 1543 1630 1621 ὲ
1652 1560 1726 1640 te,
1750 1545 1793 1624 δι
1817 1537 1849 1623 st

302 1700 329 1749 a
352 1681 400 1742 tu
414 1688 460 1745 es
482 1680 659 1771 aegrotus
673 1715 688 1758 ,
704 1650 795 1739 finit
812 1656 852 1741 se
875 1650 1031 1765 portari
1060 1649 1112 1733 ad
1129 1672 1242 1737 tuam
1269 1652 1518 1756 Cameram,
1540 1661 1582 1740 dc
1605 1653 1699 1740 finit
1714 1659 1752 1741 se
1776 1658 1857 1767 tibi

302 1818 331 1863 υ
384 1776 600 1859 raesesstari·
615 1816 641 1854 ts
699 1828 705 1843 ·
1857 1822 1861 1831 ·

353 1806 443 1979 ἓν.
473 1891 651 1992 Pariter,
669 1889 739 1975 lib.
765 1890 885 1999 super
899 1884 1001 1971 Psal.
1017 1877 1251 1999 Quicunque
1264 1888 1346 1998 uult
1358 1888 1495 1999 firlvus
1512 1890 1582 2004 effi
1605 1890 1743 1995 (tom.
1766 1920 1808 1991 4.
1830 1902 1850 2005 )

94 2039 95 2044 ’
260 2095 263 2099 ,
306 2030 412 2121 part.
439 2034 503 2120 35.
527 2038 616 2122 pag.
644 2036 711 2117 25.
735 2009 798 2091 tit.
816 2008 863 2089 de
897 2002 1579 2116 Eucharistia,Eremitaquida1n‚
1602 2010 1857 2120 Blanquerna
1881 2042 1886 2051 ’

306 2126 499 2229 nomine,
518 2129 588 2237 qui
601 2146 694 2227 toto
707 2125 813 2209 libro
832 2120 1143 2233 repraesentatur
1155 2123 1351 2233 instruens
1371 2124 1588 2234 quemdam
1603 2127 1823 2210 Tartarum
1838 2186 1858 2227 s

305 2242 361 2330 fic
384 2274 501 2347 eum,
515 2273 629 2328 num.
643 2271 686 2345 4.
705 2241 953 2353 alloquitur:
975 2269 1002 2308 ‘s
1023 2238 1134 2322 Nam
1147 2240 1354 2326 Dominus
1377 2244 1691 2329 Iesus-Christus
1706 2246 1854 2328 consti-

190 2411 197 2423 ·
306 2401 341 2460 n
355 2365 435 2448 tuit
451 2365 532 2448 hoc
552 2364 861 2447 Sacramentum
874 2415 888 2459 ‚
903 2355 1016 2467 quod
1031 2356 1164 2441 vidisti
1176 2358 1296 2468 super
1308 2359 1454 2464 altare,¹
1474 2360 1584 2473 quod
1596 2364 1653 2445 est
1668 2360 1857 2471 Corpus,

305 2520 332 2560 n
355 2487 399 2566 dt
420 2460 589 2593 Sairguis
611 2480 697 2587 ejus
719 2537 735 2579 ,
766 2474 869 2563 ficut
886 2474 1059 2585 ipsemet
1083 2474 1216 2602 dixit,
1240 2481 1283 2560 ὅ(
1302 2479 1458 2579 voluit,
1484 2502 1532 2563 ut
1549 2478 1648 2563 iilud
1663 2474 1734 2563 fiat
1747 2480 1857 2563 sum-

275 2640 280 2647 ·
306 2633 334 2677 >s
358 2626 472 2681 mum
485 2625 589 2707 opus
611 2598 729 2707 supra
743 2596 904 2679 cursum
926 2615 1091 2678 natura.
1111 2634 1137 2674 n
1164 2592 1323 2679 Contra
1331 2596 1409 2681 hoc
1425 2618 1583 2698 tamen,
1599 2624 1708 2681 num.
1736 2601 1774 2677 6.
1799 2593 1859 2681 fic

309 2714 452 2819 abjicit
471 2716 687 2800 Tartarus:
704 2744 730 2783 ιι
743 2714 847 2798 Mihi
867 2710 1031 2795 videtur
1054 2708 1323 2821 impossibile,
1347 2713 1459 2824 quod
1482 2715 1551 2797 sub
1567 2712 1731 2797 modico
1751 2740 1856 2821 pane

309 2830 484 2949 „possit
498 2828 579 2915 eise
597 2830 722 2929 homo
744 2805 947 2939 perseum
964 2833 1006 2913 dc
1020 2830 1180 2941 integer
1200 2829 1242 2911 in
1256 2832 1478 2938 quantitate
1494 2862 1505 2923 ;
1524 2852 1721 2940 praeterea
1744 2827 1856 2939 quod

287 2987 334 3053 ⁸n
358 2950 401 3032 in
425 2946 574 3034 eodem
613 2970 801 3057 tempore
826 2944 948 3057 poffit
979 2944 1238 3031 essentialiter
1256 2943 1340 3031 esse
1360 2948 1402 3031 in
1424 2943 1591 3031 diversis
1610 2952 1652 3031 dc
1674 2946 1861 3065 pluribus

310 3066 439 3161 loeis:
458 3063 664 3167 similiter,
683 3064 794 3175 quod
827 3063 1051 3149 accidentia
1088 3062 1239 3174 possint
1260 3061 1341 3149 esse
1381 3061 1465 3149 fine
1501 3066 1738 3166 substantia,
1763 3063 1848 3149 &a

181 3295 185 3304 ι
259 3283 261 3286 ¹
313 3157 528 3277 cadverso.
541 3188 574 3264 η’
593 3182 651 3267 At
671 3211 783 3265 num.
807 3210 846 3290 7.
863 3180 1081 3292 respondet
1096 3180 1372 3293 Blanquerna,
1391 3180 1501 3295 quud
1525 3184 1670 3267 uidetur
1691 3178 1854 3291 impoffi-
2008 3256 2010 3261 .
2107 3254 2111 3263 .

309 3300 501 3383 br'le'illnd
519 3304 802 3401 Sacramentum
811 3296 1020 3407 secundum
1041 3296 1187 3408 curstnn
1202 3325 1350 3385 natura
1363 3333 1381 3404 ;
1393 3298 1625 3411 cognoscitur
1641 3304 1727 3384 veni
1739 3296 1856 3409 poffi·

308 3418 471 3499 hisaltae
492 3420 774 3502 Sacramentum
785 3419 1037 3526 progrediar»
1052 3444 1102 3499 cx
1123 3415 1330 3531 influentiis
1344 3415 1484 3527 fitmni
1501 3419 1623 3527 operis
1649 3414 1690 3503 dc
1712 3417 1854 3525 infimi:

309 3572 337 3613 n
359 3533 487 3645 Quod
519 3536 610 3620 ideo
643 3536 726 3635 est,
747 3535 840 3645 quia
879 3530 983 3620 ficut
1014 3534 1142 3618 homo
1167 3534 1289 3620 habet
1320 3536 1461 3621 man-us
1496 3535 1547 3619 ad
1577 3534 1855 3646 palpandum,
1919 3566 1934 3595 ³

310 3691 337 3731 n
359 3651 488 3763 pedes
509 3652 890 3752 adambulandum,
905 3658 985 3737 dte.
1007 3647 1063 3735 fic
1082 3657 1123 3736 dr
1144 3653 1439 3739 multo‘melius
1462 3655 1584 3738 habet
1601 3651 1719 3737 Deus
1737 3651 1858 3736 boni-

294 3808 338 3866 ‚n
360 3791 489 3853 tatem
510 3770 562 3855 ad
580 3766 911 3871 bonificandum‚
932 3775 974 3856 δε
991 3768 1313 3883 magnitudinem
1331 3770 1382 3855 ad
1404 3766 1778 3885 magnificandum,
1812 3772 1853 3850 δι

311 3916 343 3967 n
364 3882 419 3971 fic
435 3886 486 3972 de
505 3888 619 3980 aliist
636 3886 771 3988 unde,
794 3884 897 3971 ficut
924 3886 1094 3971 materia
1116 3888 1240 3989 habet
1257 3890 1487 3999 appetitum
1509 3884 1715 3997 patiendi,
1738 3904 1784 3966 ut
1806 3880 1858 3971 de

313 4042 342 4084 n
365 4003 449 4115 ipsa
470 4000 541 4090 fiat
554 4004 749 4116 quidquid
769 4002 902 4088 forma
937 4005 1129 4115 appetit,
1161 4007 1216 4091 ita
1250 4032 1390 4090 natura
1416 4006 1537 4090 habet
1565 4002 1786 4115 passionem
1808 3998 1861 4083 ad

244 4168 248 4175 ·
315 4122 603 4231 „patiendum
630 4124 741 4207 illam
770 4123 1080 4233 operationem,
1103 4150 1223 4236 quam
1252 4121 1399 4209 divinae
1435 4123 1649 4236 dignitates
1691 4120 1741 4203 de
1778 4119 1862 4228 ipsa

314 4279 344 4319 n
366 4240 510 4323 volunt
579 4270 705 4327 erem
765 4299 767 4302 -
1033 4283 1050 4309 ·
1441 4298 1447 4311 .

328 4410 333 4417 ·
373 4356 428 4443 V.
452 4269 676 4461 Sirmiiiten
697 4359 767 4443 lib.
787 4357 934 4470 disput.
959 4361 1090 4447 Fidel.
1115 4365 1157 4445 dc
1171 4356 1334 4450 Infidel.
1356 4360 1492 4465 (tom.
1512 4364 1590 4467 4.)
1620 4376 1723 4467 part.
1751 4379 1785 4463 ς.
1808 4353 1860 4437 de

314 4474 733 4578 Sacramentumnm.
755 4506 791 4560 1.
807 4475 1046 4565 Catholicus
1069 4476 1192 4563 dicit:
1209 4508 1236 4548 n
1249 4480 1357 4590 Quia
1366 4479 1483 4563 Deu's
1494 4478 1634 4585 'potest
1650 4474 1741 4585 plus
1765 4500 1861 4584 age-

175 4692 179 4696 *
311 4628 341 4673 n
362 4593 409 4677 re'
432 4592 487 4677 de
504 4617 646 4679 natura
664 4600 709 4680 ἀ
732 4595 773 4677 iu
793 4616 936 4678 natura
958 4592 1001 4681 'dc
1023 4598 1139 4707 supra
1162 4618 1372 4696 naturam,
1392 4592 1422 4679 fi
1447 4596 1754 4677 Sacramentum
1772 4592 1862 4673 E'u-

310 4750 340 4790 „
366 4711 559 4795 chardtiae
581 4712 664 4812 est,
687 4716 808 4823 quam
821 4709 853 4796 fi
866 4740 949 4797 non
964 4716 1047 4815 est,
1071 4716 1163 4825 quia
1179 4713 1277 4799 facit
1295 4712 1405 4823 quod
1418 4732 1602 4796 creatura
1619 4708 1734 4820 panis
1753 4733 1862 4791 tran·
1994 4764 2000 4769 -

310 4868 340 4908 n
355 4826 627 4939 substantiatum
653 4830 694 4914 in
715 4830 1138 4934 Hominem-Deum,
1165 4832 1356 4917 videlicet
1387 4828 1786 4917 JesumssChristums
1820 4824 1862 4901 &
1956 4928 1959 4935 Ι

311 4984 339 5027 n
362 4944 466 5029 facit
486 4946 598 5057 quod
610 4947 850 5063 superentur
867 4944 1030 5060 tempus
1050 4954 1091 5035 δι
1110 4949 1251 5050 locus,
1271 4955 1313 5034 ἃ
1333 4948 1559 5059 quantitas,
1576 4952 1617 5029 ἃ
1632 4961 1777 5028 caetera
1791 4962 1862 5049 ac·

311 5103 339 5143 n
364 5062 545 5149 cidentia
566 5085 719 5148 natnrae
741 5107 783 5146 n.
806 5065 863 5149 At
884 5090 995 5151 num.
1015 5096 1052 5149 2.
1076 5064 1131 5152 sic
1154 5068 1297 5173 objicit
1318 5062 1500 5150 hfidelis
1524 5096 1534 5143 ε
1561 5052 1862 5145 “Manifestum

308 5221 342 5287 ‚²⁸
366 5177 418 5264 stt
435 5184 507 5283 est,
522 5180 633 5291 quod
646 5183 983 5294 quandocumque
997 5183 1356 5294 aliquasubstantia
1365 5182 1650 5267 transmutatur
1664 5174 1704 5254 in
1715 5172 1880 5302 aliam-5·

314 5338 344 5377 n
370 5298 641 5413 impossibile,
665 5298 804 5410 quud,
831 5298 933 5385 sada
958 5301 1335 5393 transmutationem
1371 5309 1605 5381 remane-'ant
1641 5288 1881 5376 accidentia
