5150 6667
752 566 1221 668 mosum.
1271 579 1333 661 Ἰ.
1381 582 1445 693 §.⁸
1481 576 1622 672 V.
1664 598 1677 609 “
1759 600 1790 609 “’
1850 617 1941 704 305.

375 722 526 837 eapite,
537 721 586 809 de
599 719 763 810 Christo
780 720 930 807 dicitur
943 720 1091 807 habere
1107 719 1666 827 animamintellebtivam'seu
1679 728 1933 833 rationalem,

373 844 459 931 L'it.
486 846 534 929 F.
545 839 600 927 fic
620 841 799 952 explicat
817 871 830 921 ε
850 839 1038 923 Animam
1054 868 1165 939 „non
1172 836 1349 948 spiritum
1364 842 1515 926 vitalem
1531 848 1701 946 tantum,
1720 848 1771 933 de
1786 850 1944 943 ¹Celeb..

344 1062 351 1073 ⁶
375 960 481 1049 Misi.
504 963 555 1047 In
568 959 771 1073 quadam,
791 960 859 1041 ubi
882 956 1059 1069 pluribus
1079 958 1348 1039 autoritatibus
1359 961 1547 1066 probatur
1572 964 1675 1073 qubd
1693 952 1824 1051 eleae
1845 998 1935 1052 uera
2073 1061 2081 1075 ‚

373 1084 504 1167 anima
525 1082 686 1183 dicitur,·
701 1082 743 1163 dt
757 1076 841 1160 Lit.
866 1074 919 1157 G.
937 1074 1180 1157 Rationalem
1200 1133 1214 1174 ,
1232 1104 1309 1157 non
1327 1077 1421 1159 dicit
1429 1074 1683 1189 senfitivam,
1707 1084 1766 1165 vel
1785 1112 1943 1195 vegeta,-

375 1202 523 1299 tivum,
540 1199 737 1309 dequibus
755 1193 872 1305 insta.
900 1192 949 1275 In
965 1190 1073 1276 dieto
1092 1213 1230 1276 autem
1243 1220 1334 1302 cap.
1353 1194 1600 1305 In'quadam,
1619 1196 1671 1282 de
1686 1202 1817 1285 celeb.
1837 1204 1940 1289 Mis-

376 1318 541 1415 surum,
563 1314 664 1400 dicit
690 1310 955 1399 Innocentius
979 1310 1057 1395 111.
1082 1310 1133 1393 de
1159 1308 1359 1395 Christo:
1382 1312 1786 1424 Manifesttprobotur
1807 1322 1944 1433 ,qued

376 1434 453 1546 ipse
468 1436 648 1543 Spiritum
666 1434 830 1515 babebat
852 1489 866 1531 ,
892 1423 1110 1539 non'fitlitni
1118 1427 1260 1542 flatum
1275 1427 1463 1531 vitalem,
1483 1430 1557 1541 sed
1573 1436 1742 1519 animam
1762 1440 1940 1521 rationa-

374 1554 448 1637 lem
472 1585 490 1655 ;
520 1557 563 1635 dt
590 1546 717 1635 Gloss.
740 1548 833 1650 ibi,
855 1549 916 1631 lit.
948 1550 1001 1630 H.
1025 1547 1177 1660 vstakm
1193 1605 1207 1647 ,
1222 1544 1430 1656 secundbm
1458 1549 1562 1660 puorl
1583 1552 1740 1664 Pbyfisi
1762 1554 1941 1663 dividunt
2079 1561 2082 1569 “

252 1718 256 1725 ,
374 1670 583 1780 Spiritum,
601 1667 752 1753 vitalem
768 1724 781 1769 ,
791 1664 938 1776 ftilicet
949 1665 1132 1748 animam.
1148 1664 1214 1749 Ex
1232 1662 1347 1748 diuis
1367 1687 1482 1775 patet
1507 1668 1751 1755 sententiam
1770 1671 1823 1757 de
1846 1675 1939 1767 ani-¹

95 1786 98 1877 ξ
231 1880 243 1899 .
378 1816 447 1873 ma
473 1783 657 1871 sensitiva
683 1787 725 1869 in
744 1785 912 1869 homine
935 1782 1154 1867 distineat
1176 1782 1363 1869 rationali
1384 1842 1398 1885 ,
1418 1812 1509 1894 quae
1532 1788 1575 1871 a
1598 1813 1820 1899 generatur
1840 1791 1939 1877 dum

378 1904 507 1991 homo
540 1903 749 2018 gignitur,
773 1907 832 1988 ἀ·
854 1903 908 1985 eb
938 1899 1136 2010 cormptb
1177 1902 1484 2012 corrumpitur,
1507 1901 1659 1993 neditm
1691 1936 1774 1992 non
1795 1910 1942 2013 inuri,
2021 1988 2026 1993 ,
2073 1970 2077 1975 ,

376 2022 448 2109 sed
470 2022 655 2107 roborari
673 2050 726 2107 ex
746 2022 873 2106 relata
897 2018 1079 2106 Conciiii
1099 2012 1356 2112 definitione.
1394 2062 1406 2081 ·
1929 2097 1936 2117 ,

433 2140 594 2228 XLIII.
627 2140 769 2250 Itaque
783 2140 967 2239 constat,
989 2140 1092 2222 hanc
1117 2134 1360 2222 sententiam
1370 2138 1468 2223 nulli
1483 2138 1604 2226 Fidei
1617 2139 1847 2230 definitioni
1865 2146 1943 2238 adr

374 2258 524 2366 yersari
543 2319 557 2359 ,
582 2256 843 2345 conformem
857 2278 994 2341 autem
1008 2284 1100 2339 eam
1114 2254 1246 2339 videri
1259 2256 1379 2341 sacrae
1395 2255 1618 2368 Script‘nrae
1635 2262 1791 2365 sensui,
1809 2287 1857 2348 ut
1868 2267 1942 2355 suf

374 2404 448 2487 pm
470 2376 579 2478 dixi,
598 2374 747 2463 deduci
769 2368 934 2461 videtin
954 2402 1008 2459 ex
1029 2374 1088 2459 eis
1111 2433 1125 2474 ,
1149 2400 1239 2483 qnae
1271 2374 1506 2487 conglobat,
1520 2378 1810 2466 enrditiffimus
1838 2381 1944 2476 eat.
2045 2478 2048 2483 Ι
2095 2385 2099 2390 ,

376 2516 511 2582 metus
525 2491 701 2606 exposrt.
725 2495 774 2583 In
788 2494 859 2579 lib.
881 2492 1100 2603 Sapientiae
1120 2488 1314 2577 dissertat.
1334 2494 1559 2603 praevib,de
1573 2518 1711 2583 natura
1732 2502 1875 2585 anima
1898 2498 1940 2594 b,

376 2611 459 2716 ejus
473 2614 558 2724 posi
578 2638 728 2697 mortem
738 2614 842 2721 slatu
865 2670 881 2712 ,
908 2607 1152 2720 &sententia
1181 2634 1346 2695 veterum
1373 2612 1623 2701 Hebraorum
1638 2649 1657 2719 ;
1672 2616 1802 2701 Artic.
1824 2618 1941 2703 enim
2083 2658 2089 2667 ·

385 2759 419 2813 1.
453 2732 681 2841 supponit,
709 2730 861 2817 nedum
892 2728 1002 2838 apud
1037 2727 1337 2839 Philosophus,
1365 2728 1628 2843 Paganosque
1657 2733 1841 2835 Poetae,
1865 2736 1935 2826 sed

377 2848 503 2935 etiam
516 2856 676 2935 veteres
692 2845 886 2933 Ecclefiae
904 2848 1077 2948 Patres,
1097 2846 1136 2929 in
1151 2845 1320 2931 homine
1338 2844 1420 2933 esse
1438 2848 1515 2933 tria
1534 2850 1737 2953 dienen,
1756 2881 1936 2963 corpus,

375 2970 555 3053 animam
569 3028 583 3069 ,
598 2973 640 3053 δι
655 2966 854 3078 spiritum.
886 2963 1053 3050 Deinde
1078 2962 1210 3048 dicit:
1237 2963 1425 3049 Animum
1443 2970 1469 3049 rb
1485 2964 1624 3076 spiritu
1629 2968 1714 3079 five
1736 2996 1856 3057 mente
1873 2996 1937 3066 ut÷

377 3117 533 3199 cumque
546 3086 726 3196 distingui
742 3084 808 3196 sut
824 3084 994 3193 constat,
1010 3085 1094 3167 edm
1115 3084 1246 3167 anima
1261 3080 1341 3193 ipso
1360 3086 1399 3166 in
1416 3086 1621 3193 Scripturis
1641 3090 1813 3190 bomini,
1830 3093 1937 3201 aqui

377 3234 425 3287 ac
446 3206 587 3307 brutis,
600 3206 776 3297 tribuitur
789 3232 812 3305 ‚·
821 3194 1058 3312 setispiritus
1080 3201 1141 3284 vel
1161 3230 1266 3291 mens
1282 3204 1352 3285 uni
1368 3204 1514 3289 aarum
1528 3206 1674 3289 bomini
1691 3208 1906 3291 tribuuntur
1917 3224 1952 3309 ;‘
1997 3260 2001 3267 ,

379 3328 423 3407 ἀ
445 3322 605 3407 subdit:
624 3323 746 3413 Porub
767 3324 827 3404 lia
843 3320 1020 3431 loquendi
1032 3317 1194 3431 phrases
1211 3322 1255 3403 in'
1274 3350 1357 3403 eam
1366 3320 1473 3432 forte*
1483 3319 1759 3442 persuostonem
1780 3349 1938 3411 ueteres

377 3437 572 3527 Hebraeos¹
591 3440 858 3541 adduxerunt,
875 3438 1042 3522 animam
1067 3437 1173 3523 illurn
1192 3441 1410 3523 bominibus
1426 3441 1593 3535 eamdem
1615 3471 1664 3532 oc
1681 3444 1801 3529 brutis
1828 3474 1934 3527 cont·

376 3589 557 3660 munem,
592 3556 767 3669 quam'in
778 3556 968 3667 singuline
991 3555 1143 3667 refidere
1170 3558 1287 3657 tradit
1300 3555 1488 3667 scriptura
1511 3560 1647 3653 Levit.
1678 3590 1742 3670 ¹7·
1769 3590 1832 3645 11.
1871 3589 1934 3662 14.

376 3674 524 3761 Anima
542 3675 674 3761 carnis
697 3674 939 3787 insanguine
959 3675 1037 3765 este
1058 3670 1264 3775 &mnium
1278 3676 1412 3761 omnis
1436 3678 1566 3761 carinis
1583 3681 1622 3763 in
1642 3679 1832 3790 sanguine
1847 3682 1933 3781 est,

377 3798 533 3881 manrid
555 3794 720 3915 quddam
741 3792 940 3901 constare,
964 3789 1182 3877 &alterius
1192 3792 1312 3901 planl
1330 3792 1401 3909 effe
1421 3796 1450 3877 d
1467 3819 1587 3878 mente
1601 3854 1615 3895 ,
1629 3825 1820 3906 nunquam
1840 3799 1934 3880 bru-
1984 3860 1993 3877 ,

379 3915 428 3997 tis
449 3916 489 3995 in
513 3911 700 4022 stripuuro
722 3912 892 4012 tributd,
914 3902 1073 3997 natura.
1101 3912 1325 3997 Luculennr
1336 3908 1434 4021 stol
1472 3914 1640 4000 animam
1656 3909 1867 4021 senstbilem
1892 3911 1934 4001 ἃ

226 4104 230 4111 ,
379 4030 600 4115 rationalem
618 4016 856 4139 ‘distinguens
885 4028 1000 4113 Pleilo
1032 4028 1052 4133 (
1081 4029 1174 4113 Lib.
1205 4028 1316 4139 qubd
1352 4028 1480 4115 deter.
1509 4032 1650 4139 potior
1675 4031 1718 4113 in
1741 4028 1812 4115 fid.
1836 4058 1929 4145 pag.

387 4176 480 4258 107.
493 4151 577 4259 )ait
590 4148 856 4231 vitalemillam
872 4148 1040 4230 animam
1056 4145 1173 4257 ipsam
1187 4148 1279 4263 ese,
1299 4148 1374 4258 quel
1394 4148 1580 4250 vivimus,
1599 4149 1819 4235 rationalem
1845 4155 1933 4237 verb

377 4270 453 4379 qud
470 4267 723 4351 ratiocinandi
733 4264 922 4376 facultate
944 4266 1085 4349 utimur
1103 4299 1116 4350 .·
1139 4265 1244 4349 illam
1263 4267 1401 4351 babere
1423 4296 1494 4350 nos
1515 4262 1598 4351 tum
1621 4270 1742 4353 brutis
1762 4291 1931 4354 commu·

377 4414 495 4486 rtem,
525 4388 625 4469 bont
651 4383 895 4493 peculiarem.
931 4380 1061 4469 Addit
1088 4383 1212 4469 etiam
1234 4419 1247 4467 :
1269 4382 1456 4471 Animam
1488 4385 1514 4468 d
1539 4382 1677 4495 spiritu
1708 4386 1932 4495 distinguere

374 4500 482 4612 uisus
493 4502 546 4609 esl
559 4501 731 4600 Daniel,
751 4501 803 4587 C.
828 4528 864 4589 e.
882 4496 951 4583 86.
972 4500 1007 4587 C
1006 4504 1068 4585 dm
1087 4502 1143 4585 ad
1152 4502 1306 4587 Laudes
1321 4504 1482 4587 Domini
1496 4504 1629 4587 invitet
1637 4500 1825 4613 spiritus,
1843 4506 1930 4589 item

379 4614 615 4707 &animast
639 4619 875 4704 Benedicite
897 4618 1091 4729 spiritus,
1115 4624 1156 4704 u
1180 4621 1324 4706 anitnae
1346 4620 1541 4725 iustorum
1560 4620 1749 4707 Domino
1772 4654 1784 4715 3
1813 4650 1930 4732 neque

314 4830 319 4835 .
378 4741 477 4823 enim
492 4739 556 4823 ille
578 4736 779 4849 spirituum
801 4739 952 4823 nomine
965 4735 1198 4849 Angelos&
1217 4740 1358 4825 Beatos
1371 4735 1718 4852 defignarepotest,
1739 4770 1833 4852 quos
1854 4770 1930 4822 an-

377 4859 438 4941 ted
460 4857 796 4964 adeademstudio
814 4858 1056 4941 invitaverat.
1082 4876 1103 4915 ’-
1299 4942 1304 4949 ,
1920 4925 1926 4956 ,

296 5071 299 5082 Ι
436 4976 592 5063 XLIV.
624 4973 743 5059 Idem
757 4994 831 5058 art.
850 4974 969 5059 nubi
984 4974 1333 5059 immortalitatem
1347 4972 1491 5059 animae
1506 4974 1653 5073 statuit,
1666 4972 1704 5083 §
1719 4974 1929 5076 Fatemur,

377 5092 550 5179 scribit:
588 5092 881 5185 “Communia
902 5092 988 5182 haec
1012 5091 1236 5190 vocabula,
1263 5094 1427 5193 animo,
1450 5080 1608 5202 spiritus
1625 5148 1640 5188 ,
1659 5090 1929 5199 spiraculum,

377 5250 405 5295 η
430 5210 541 5415 datps
556 5211 820 5415 utricppelhuic
836 5232 1110 5333 stemmatum
1124 5210 1516 5327 geneticommtmes
1530 5204 1928 5443 animasdiefignantt
2007 5272 2010 5278 ·

535 5358 611 5416 om.
728 5389 744 5413 ..
925 5440 930 5459 1
1723 5356 1752 5441 q
