<?xml version="1.0" encoding="UTF-8"?>
<!DOCTYPE html PUBLIC "-//W3C//DTD XHTML 1.0 Transitional//EN"
    "http://www.w3.org/TR/xhtml1/DTD/xhtml1-transitional.dtd">
<html xmlns="http://www.w3.org/1999/xhtml" xml:lang="en" lang="en">
 <head>
  <title>
</title>
<meta http-equiv="Content-Type" content="text/html;charset=utf-8" />
  <meta name='ocr-system' content='tesseract 3.04.00' />
  <meta name='ocr-capabilities' content='ocr_page ocr_carea ocr_par ocr_line ocrx_word'/>
</head>
<body>
  <div class='ocr_page' id='page_1' title='image "./vindiciaelullia00pasqgoog_0404.png"; bbox 0 0 5150 6667; ppageno 0'>
   <div class='ocr_carea' id='block_1_1' title="bbox 194 708 1951 5589">
    <p class='ocr_par' dir='ltr' id='par_1_1' title="bbox 194 708 1944 1703">
     <span class='ocr_line' id='line_1_1' title="bbox 366 708 1876 864; baseline 0.001 -40"><span class='ocrx_word' id='word_1_1' title='bbox 366 792 370 801; x_wconf 76' lang='lat'>·</span> <span class='ocrx_word' id='word_1_2' title='bbox 480 730 552 809; x_wconf 77' lang='lat'>·.&#39;</span> <span class='ocrx_word' id='word_1_3' title='bbox 641 732 1092 864; x_wconf 78' lang='lat' dir='ltr'>orssnnr.</span> <span class='ocrx_word' id='word_1_4' title='bbox 1147 708 1310 817; x_wconf 72' lang='lat' dir='ltr'>itt.-</span> <span class='ocrx_word' id='word_1_5' title='bbox 1357 736 1397 847; x_wconf 67' lang='lat' dir='ltr'>t.</span> <span class='ocrx_word' id='word_1_6' title='bbox 1459 734 1598 863; x_wconf 70' lang='lat'>1:11·</span> <span class='ocrx_word' id='word_1_7' title='bbox 1695 713 1701 727; x_wconf 84' lang='lat'><em>&#39;</em></span> <span class='ocrx_word' id='word_1_8' title='bbox 1792 738 1876 855; x_wconf 76' lang='lat' dir='ltr'>ni</span> 
     </span>
     <span class='ocr_line' id='line_1_2' title="bbox 323 864 1878 994; baseline -0.001 -32"><span class='ocrx_word' id='word_1_9' title='bbox 323 864 360 964; x_wconf 61' lang='lat' dir='ltr'>&#39;n&#39;</span> <span class='ocrx_word' id='word_1_10' title='bbox 381 876 611 992; x_wconf 73' lang='lat' dir='ltr'>peccatoris</span> <span class='ocrx_word' id='word_1_11' title='bbox 626 874 680 964; x_wconf 85' lang='lat' dir='ltr'>fic</span> <span class='ocrx_word' id='word_1_12' title='bbox 695 896 884 963; x_wconf 87' lang='lat' dir='ltr'><strong>removet</strong></span> <span class='ocrx_word' id='word_1_13' title='bbox 905 876 1176 961; x_wconf 70' lang='lat' dir='ltr'>cbarad&#39;oerem</span> <span class='ocrx_word' id='word_1_14' title='bbox 1198 876 1386 982; x_wconf 83' lang='lat' dir='ltr'>peccati,</span> <span class='ocrx_word' id='word_1_15' title='bbox 1410 939 1421 959; x_wconf 92' lang='lat'><strong>.</strong></span> <span class='ocrx_word' id='word_1_16' title='bbox 1445 940 1456 962; x_wconf 92' lang='lat'><strong>.</strong></span> <span class='ocrx_word' id='word_1_17' title='bbox 1477 938 1488 961; x_wconf 91' lang='lat'><strong>.</strong></span> <span class='ocrx_word' id='word_1_18' title='bbox 1513 941 1523 963; x_wconf 90' lang='lat'><strong><em>.</em></strong></span> <span class='ocrx_word' id='word_1_19' title='bbox 1549 884 1591 967; x_wconf 88' lang='lat'>&amp;</span> <span class='ocrx_word' id='word_1_20' title='bbox 1613 902 1710 981; x_wconf 83' lang='lat' dir='ltr'>tunc</span> <span class='ocrx_word' id='word_1_21' title='bbox 1730 910 1878 994; x_wconf 81' lang='lat' dir='ltr'>pecca-</span> 
     </span>
     <span class='ocr_line' id='line_1_3' title="bbox 227 989 1944 1109; baseline 0.005 -30"><span class='ocrx_word' id='word_1_22' title='bbox 227 1070 232 1079; x_wconf 92' lang='lat'><strong>.</strong></span> <span class='ocrx_word' id='word_1_23' title='bbox 329 989 357 1081; x_wconf 66' lang='lat' dir='ltr'>&#39;u</span> <span class='ocrx_word' id='word_1_24' title='bbox 380 1019 503 1100; x_wconf 89' lang='lat' dir='ltr'>tum,</span> <span class='ocrx_word' id='word_1_25' title='bbox 526 998 636 1109; x_wconf 91' lang='lat' dir='ltr'>quod</span> <span class='ocrx_word' id='word_1_26' title='bbox 655 1016 772 1081; x_wconf 82' lang='lat' dir='ltr'>antea</span> <span class='ocrx_word' id='word_1_27' title='bbox 793 994 1170 1092; x_wconf 73' lang='lat' dir='ltr'>erardiletium‚est</span> <span class='ocrx_word' id='word_1_28' title='bbox 1186 991 1369 1095; x_wconf 91' lang='lat' dir='ltr'>oditum,</span> <span class='ocrx_word' id='word_1_29' title='bbox 1389 999 1566 1086; x_wconf 87' lang='lat' dir='ltr'>&amp;homo</span> <span class='ocrx_word' id='word_1_30' title='bbox 1585 1002 1641 1086; x_wconf 85' lang='lat' dir='ltr'>est</span> <span class='ocrx_word' id='word_1_31' title='bbox 1655 1002 1829 1090; x_wconf 71' lang='lat' dir='ltr'>curatur.</span> <span class='ocrx_word' id='word_1_32' title='bbox 1850 1043 1877 1084; x_wconf 79' lang='lat' dir='ltr'>n</span> <span class='ocrx_word' id='word_1_33' title='bbox 1940 1082 1944 1088; x_wconf 88' lang='lat'><em>.</em></span> 
     </span>
     <span class='ocr_line' id='line_1_4' title="bbox 329 1094 1879 1229; baseline 0.003 -28"><span class='ocrx_word' id='word_1_34' title='bbox 329 1108 409 1204; x_wconf 82' lang='lat' dir='ltr'>Hic</span> <span class='ocrx_word' id='word_1_35' title='bbox 432 1113 592 1202; x_wconf 78' lang='lat' dir='ltr'>sane-ad</span> <span class='ocrx_word' id='word_1_36' title='bbox 614 1114 863 1201; x_wconf 84' lang='lat' dir='ltr'>deletionem</span> <span class='ocrx_word' id='word_1_37' title='bbox 885 1094 1047 1223; x_wconf 87' lang='lat' dir='ltr'>peccati</span> <span class='ocrx_word' id='word_1_38' title='bbox 1058 1111 1231 1221; x_wconf 78' lang='lat' dir='ltr'>requirit</span> <span class='ocrx_word' id='word_1_39' title='bbox 1250 1111 1559 1213; x_wconf 63' lang='lat' dir='ltr'>satisfactionem</span> <span class='ocrx_word' id='word_1_40' title='bbox 1573 1120 1654 1217; x_wconf 82' lang='lat' dir='ltr'>&#39;seu</span> <span class='ocrx_word' id='word_1_41' title='bbox 1672 1125 1879 1229; x_wconf 84' lang='lat' dir='ltr'>poeniten-</span> 
     </span>
     <span class='ocr_line' id='line_1_5' title="bbox 328 1230 1878 1351; baseline 0.003 -32"><span class='ocrx_word' id='word_1_42' title='bbox 328 1235 456 1351; x_wconf 59' lang='lat' dir='ltr'>tiam,</span> <span class='ocrx_word' id='word_1_43' title='bbox 479 1262 568 1345; x_wconf 81' lang='lat' dir='ltr'>quae</span> <span class='ocrx_word' id='word_1_44' title='bbox 584 1232 738 1317; x_wconf 79' lang='lat' dir='ltr'>sufficit</span> <span class='ocrx_word' id='word_1_45' title='bbox 752 1230 833 1317; x_wconf 79' lang='lat' dir='ltr'>effe</span> <span class='ocrx_word' id='word_1_46' title='bbox 864 1233 907 1315; x_wconf 91' lang='lat' dir='ltr'>in</span> <span class='ocrx_word' id='word_1_47' title='bbox 923 1231 1157 1334; x_wconf 82' lang='lat' dir='ltr'>voluntate,</span> <span class='ocrx_word' id='word_1_48' title='bbox 1181 1234 1223 1315; x_wconf 75' lang='lat' dir='ltr'>tc</span> <span class='ocrx_word' id='word_1_49' title='bbox 1242 1250 1326 1331; x_wconf 86' lang='lat' dir='ltr'>non</span> <span class='ocrx_word' id='word_1_50' title='bbox 1349 1233 1569 1343; x_wconf 79' lang='lat' dir='ltr'>requiritur</span> <span class='ocrx_word' id='word_1_51' title='bbox 1591 1233 1671 1331; x_wconf 84' lang='lat' dir='ltr'>e&#39;ffe</span> <span class='ocrx_word' id='word_1_52' title='bbox 1691 1237 1731 1321; x_wconf 93' lang='lat' dir='ltr'>in</span> <span class='ocrx_word' id='word_1_53' title='bbox 1753 1268 1878 1351; x_wconf 88' lang='lat' dir='ltr'>opere</span> 
     </span>
     <span class='ocr_line' id='line_1_6' title="bbox 330 1348 1883 1463; baseline 0.001 -26"><span class='ocrx_word' id='word_1_54' title='bbox 330 1354 381 1439; x_wconf 86' lang='lat' dir='ltr'>ad</span> <span class='ocrx_word' id='word_1_55' title='bbox 404 1353 654 1440; x_wconf 79' lang='lat' dir='ltr'>deletionem</span> <span class='ocrx_word' id='word_1_56' title='bbox 675 1350 836 1461; x_wconf 80' lang='lat' dir='ltr'>peccati</span> <span class='ocrx_word' id='word_1_57' title='bbox 875 1348 1009 1460; x_wconf 85' lang='lat' dir='ltr'>quoad</span> <span class='ocrx_word' id='word_1_58' title='bbox 1039 1348 1230 1459; x_wconf 90' lang='lat' dir='ltr'>culpam,</span> <span class='ocrx_word' id='word_1_59' title='bbox 1262 1356 1305 1435; x_wconf 77' lang='grc' dir='ltr'>ἂ</span> <span class='ocrx_word' id='word_1_60' title='bbox 1323 1352 1403 1435; x_wconf 91' lang='lat' dir='ltr'>hoc</span> <span class='ocrx_word' id='word_1_61' title='bbox 1421 1352 1553 1462; x_wconf 88' lang='lat' dir='ltr'>ipsu&#39;m</span> <span class='ocrx_word' id='word_1_62' title='bbox 1566 1349 1772 1463; x_wconf 85' lang='lat' dir='ltr'>&#39;supponit</span> <span class='ocrx_word' id='word_1_63' title='bbox 1793 1359 1883 1441; x_wconf 88' lang='lat' dir='ltr'>ubi·</span> 
     </span>
     <span class='ocr_line' id='line_1_7' title="bbox 330 1466 1883 1585; baseline 0.003 -30"><span class='ocrx_word' id='word_1_64' title='bbox 330 1466 506 1581; x_wconf 85' lang='lat' dir='ltr'>cumque</span> <span class='ocrx_word' id='word_1_65' title='bbox 524 1469 610 1585; x_wconf 86' lang='lat' dir='ltr'>agit</span> <span class='ocrx_word' id='word_1_66' title='bbox 635 1469 687 1554; x_wconf 87' lang='lat' dir='ltr'>de</span> <span class='ocrx_word' id='word_1_67' title='bbox 700 1470 976 1555; x_wconf 73' lang='lat' dir='ltr'>‘sacramento</span> <span class='ocrx_word' id='word_1_68' title='bbox 998 1468 1265 1579; x_wconf 77' lang='lat' dir='ltr'>poenitentiae.</span> <span class='ocrx_word' id='word_1_69' title='bbox 1288 1468 1408 1555; x_wconf 88' lang='lat' dir='ltr'>Adeo</span> <span class='ocrx_word' id='word_1_70' title='bbox 1425 1492 1563 1557; x_wconf 86' lang='lat' dir='ltr'>autem</span> <span class='ocrx_word' id='word_1_71' title='bbox 1582 1473 1753 1582; x_wconf 85' lang='lat' dir='ltr'>requirit</span> <span class='ocrx_word' id='word_1_72' title='bbox 1769 1470 1883 1559; x_wconf 66' lang='lat' dir='ltr'>stitis-</span> 
     </span>
     <span class='ocr_line' id='line_1_8' title="bbox 194 1580 1884 1703; baseline 0.003 -30"><span class='ocrx_word' id='word_1_73' title='bbox 194 1639 211 1681; x_wconf 73' lang='lat'>‚·</span> <span class='ocrx_word' id='word_1_74' title='bbox 329 1589 548 1674; x_wconf 74' lang='lat' dir='ltr'>fadionem</span> <span class='ocrx_word' id='word_1_75' title='bbox 563 1588 614 1673; x_wconf 87' lang='lat' dir='ltr'>ad</span> <span class='ocrx_word' id='word_1_76' title='bbox 639 1583 966 1695; x_wconf 83' lang='lat' dir='ltr'>justificationem</span> <span class='ocrx_word' id='word_1_77' title='bbox 987 1583 1217 1697; x_wconf 81' lang='lat' dir='ltr'>peccatoris</span> <span class='ocrx_word' id='word_1_78' title='bbox 1240 1589 1385 1698; x_wconf 85' lang='lat' dir='ltr'>,qubd</span> <span class='ocrx_word' id='word_1_79' title='bbox 1403 1616 1441 1699; x_wconf 87' lang='lat' dir='ltr'>q.</span> <span class='ocrx_word' id='word_1_80' title='bbox 1466 1618 1532 1695; x_wconf 83' lang='lat'>92.</span> <span class='ocrx_word' id='word_1_81' title='bbox 1558 1580 1677 1673; x_wconf 69' lang='lat' dir='ltr'>nums</span> <span class='ocrx_word' id='word_1_82' title='bbox 1692 1618 1727 1701; x_wconf 80' lang='lat'>3.</span> <span class='ocrx_word' id='word_1_83' title='bbox 1752 1622 1884 1703; x_wconf 85' lang='lat' dir='ltr'>expo-</span> 
     </span>
    </p>

    <p class='ocr_par' dir='ltr' id='par_1_2' title="bbox 292 1698 1894 1937">
     <span class='ocr_line' id='line_1_9' title="bbox 328 1698 1894 1822; baseline 0.001 -29"><span class='ocrx_word' id='word_1_84' title='bbox 328 1736 432 1793; x_wconf 89' lang='lat' dir='ltr'>nens</span> <span class='ocrx_word' id='word_1_85' title='bbox 451 1698 603 1792; x_wconf 78' lang='lat' dir='ltr'>diuum</span> <span class='ocrx_word' id='word_1_86' title='bbox 622 1706 773 1792; x_wconf 87' lang='lat' dir='ltr'>Christi</span> <span class='ocrx_word' id='word_1_87' title='bbox 793 1708 834 1792; x_wconf 93' lang='lat' dir='ltr'>in</span> <span class='ocrx_word' id='word_1_88' title='bbox 845 1707 1096 1821; x_wconf 83' lang='lat' dir='ltr'>Evangelio,</span> <span class='ocrx_word' id='word_1_89' title='bbox 1115 1707 1292 1809; x_wconf 76' lang='lat' dir='ltr'>scilicet,</span> <span class='ocrx_word' id='word_1_90' title='bbox 1312 1707 1351 1792; x_wconf 91' lang='lat' dir='ltr'>ei</span> <span class='ocrx_word' id='word_1_91' title='bbox 1368 1709 1437 1818; x_wconf 89' lang='lat' dir='ltr'>qui</span> <span class='ocrx_word' id='word_1_92' title='bbox 1460 1730 1605 1819; x_wconf 88' lang='lat' dir='ltr'>peccat</span> <span class='ocrx_word' id='word_1_93' title='bbox 1623 1710 1664 1791; x_wconf 93' lang='lat' dir='ltr'>in</span> <span class='ocrx_word' id='word_1_94' title='bbox 1683 1710 1894 1822; x_wconf 84' lang='lat' dir='ltr'>Spiritum.</span> 
     </span>
     <span class='ocr_line' id='line_1_10' title="bbox 292 1800 1885 1937; baseline 0.003 -28"><span class='ocrx_word' id='word_1_95' title='bbox 292 1800 524 1911; x_wconf 65' lang='lat' dir='ltr'>⁴Sentium</span> <span class='ocrx_word' id='word_1_96' title='bbox 550 1854 633 1937; x_wconf 80' lang='lat' dir='ltr'>nort</span> <span class='ocrx_word' id='word_1_97' title='bbox 656 1825 811 1912; x_wconf 87' lang='lat' dir='ltr'>remitti</span> <span class='ocrx_word' id='word_1_98' title='bbox 832 1846 1080 1935; x_wconf 72' lang='lat' dir='ltr'>peccatum,</span> <span class='ocrx_word' id='word_1_99' title='bbox 1097 1825 1198 1911; x_wconf 88' lang='lat' dir='ltr'>dicit</span> <span class='ocrx_word' id='word_1_100' title='bbox 1222 1857 1230 1908; x_wconf 94' lang='lat'>:</span> <span class='ocrx_word' id='word_1_101' title='bbox 1253 1827 1306 1911; x_wconf 81' lang='lat' dir='ltr'>Et</span> <span class='ocrx_word' id='word_1_102' title='bbox 1323 1826 1408 1911; x_wconf 87' lang='lat' dir='ltr'>ideo</span> <span class='ocrx_word' id='word_1_103' title='bbox 1438 1826 1607 1937; x_wconf 74' lang='lat' dir='ltr'>Christus</span> <span class='ocrx_word' id='word_1_104' title='bbox 1638 1830 1797 1916; x_wconf 81' lang='lat' dir='ltr'>intendit</span> <span class='ocrx_word' id='word_1_105' title='bbox 1822 1830 1885 1913; x_wconf 88' lang='lat' dir='ltr'>di-</span> 
     </span>
    </p>

    <p class='ocr_par' dir='ltr' id='par_1_3' title="bbox 329 1940 1951 2290">
     <span class='ocr_line' id='line_1_11' title="bbox 331 1940 1951 2059; baseline 0.002 -32"><span class='ocrx_word' id='word_1_106' title='bbox 331 1964 445 2047; x_wconf 84' lang='lat' dir='ltr'>cer&#39;c,</span> <span class='ocrx_word' id='word_1_107' title='bbox 467 1946 571 2057; x_wconf 74' lang='lat' dir='ltr'>quod</span> <span class='ocrx_word' id='word_1_108' title='bbox 583 1947 649 2056; x_wconf 82' lang='lat' dir='ltr'>qui</span> <span class='ocrx_word' id='word_1_109' title='bbox 672 1970 806 2056; x_wconf 84' lang='lat' dir='ltr'>peccat</span> <span class='ocrx_word' id='word_1_110' title='bbox 835 1948 874 2029; x_wconf 84' lang='lat' dir='ltr'>itt</span> <span class='ocrx_word' id='word_1_111' title='bbox 898 1971 1014 2030; x_wconf 87' lang='lat' dir='ltr'>morte</span> <span class='ocrx_word' id='word_1_112' title='bbox 1033 1975 1106 2054; x_wconf 81' lang='lat' dir='ltr'>per</span> <span class='ocrx_word' id='word_1_113' title='bbox 1126 1946 1409 2052; x_wconf 76' lang='lat' dir='ltr'>obstinationem</span> <span class='ocrx_word' id='word_1_114' title='bbox 1433 2006 1446 2046; x_wconf 88' lang='lat'>,</span> <span class='ocrx_word' id='word_1_115' title='bbox 1472 1947 1652 2059; x_wconf 76' lang='lat' dir='ltr'>postqum</span> <span class='ocrx_word' id='word_1_116' title='bbox 1673 1948 1782 2031; x_wconf 79' lang='lat' dir='ltr'>horno</span> <span class='ocrx_word' id='word_1_117' title='bbox 1801 1940 1889 2055; x_wconf 76' lang='lat' dir='ltr'>post</span> <span class='ocrx_word' id='word_1_118' title='bbox 1943 1996 1951 2006; x_wconf 89' lang='lat'><em>·</em></span> 
     </span>
     <span class='ocr_line' id='line_1_12' title="bbox 329 2060 1885 2177; baseline 0.002 -32"><span class='ocrx_word' id='word_1_119' title='bbox 329 2087 483 2146; x_wconf 86' lang='lat' dir='ltr'>mortem</span> <span class='ocrx_word' id='word_1_120' title='bbox 504 2092 581 2147; x_wconf 89' lang='lat' dir='ltr'>rtort</span> <span class='ocrx_word' id='word_1_121' title='bbox 591 2062 710 2172; x_wconf 81' lang='lat' dir='ltr'>potest</span> <span class='ocrx_word' id='word_1_122' title='bbox 718 2060 941 2173; x_wconf 81' lang='lat' dir='ltr'>satisfacere</span> <span class='ocrx_word' id='word_1_123' title='bbox 959 2122 973 2164; x_wconf 90' lang='lat'>,</span> <span class='ocrx_word' id='word_1_124' title='bbox 993 2090 1070 2148; x_wconf 87' lang='lat' dir='ltr'>nort</span> <span class='ocrx_word' id='word_1_125' title='bbox 1084 2066 1282 2148; x_wconf 82' lang='lat' dir='ltr'>remittitur</span> <span class='ocrx_word' id='word_1_126' title='bbox 1294 2066 1331 2149; x_wconf 82' lang='lat' dir='ltr'>ei</span> <span class='ocrx_word' id='word_1_127' title='bbox 1340 2090 1536 2173; x_wconf 83' lang='lat' dir='ltr'>peccatum</span> <span class='ocrx_word' id='word_1_128' title='bbox 1552 2116 1577 2166; x_wconf 82' lang='lat'>,·</span> <span class='ocrx_word' id='word_1_129' title='bbox 1591 2061 1762 2177; x_wconf 82' lang='lat' dir='ltr'>quiafira</span> <span class='ocrx_word' id='word_1_130' title='bbox 1785 2064 1885 2177; x_wconf 80' lang='lat' dir='ltr'>defi-</span> 
     </span>
     <span class='ocr_line' id='line_1_13' title="bbox 330 2178 943 2290; baseline 0.002 -28"><span class='ocrx_word' id='word_1_131' title='bbox 330 2182 454 2264; x_wconf 82' lang='lat' dir='ltr'>nitiva</span> <span class='ocrx_word' id='word_1_132' title='bbox 463 2178 651 2290; x_wconf 73' lang='lat' dir='ltr'>fintentt&#39;a</span> <span class='ocrx_word' id='word_1_133' title='bbox 670 2179 752 2283; x_wconf 82' lang='lat' dir='ltr'>jam</span> <span class='ocrx_word' id='word_1_134' title='bbox 770 2182 823 2289; x_wconf 75' lang='lat' dir='ltr'>est</span> <span class='ocrx_word' id='word_1_135' title='bbox 837 2180 943 2267; x_wconf 81' lang='lat' dir='ltr'>data.</span> 
     </span>
    </p>

    <p class='ocr_par' dir='ltr' id='par_1_4' title="bbox 315 2298 1944 3597">
     <span class='ocr_line' id='line_1_14' title="bbox 387 2298 1887 2414; baseline 0 -33"><span class='ocrx_word' id='word_1_136' title='bbox 387 2299 547 2385; x_wconf 88' lang='lat' dir='ltr'>XXIII.</span> <span class='ocrx_word' id='word_1_137' title='bbox 579 2298 785 2383; x_wconf 85' lang='lat' dir='ltr'>Praeterea</span> <span class='ocrx_word' id='word_1_138' title='bbox 802 2326 847 2408; x_wconf 83' lang='lat' dir='ltr'>q.</span> <span class='ocrx_word' id='word_1_139' title='bbox 886 2299 1332 2385; x_wconf 83' lang='lat' dir='ltr'>112.resolvitLullus</span> <span class='ocrx_word' id='word_1_140' title='bbox 1360 2303 1465 2414; x_wconf 85' lang='lat' dir='ltr'>qudd</span> <span class='ocrx_word' id='word_1_141' title='bbox 1481 2302 1589 2387; x_wconf 83' lang='lat' dir='ltr'>Deus</span> <span class='ocrx_word' id='word_1_142' title='bbox 1611 2302 1658 2385; x_wconf 84' lang='lat' dir='ltr'>de</span> <span class='ocrx_word' id='word_1_143' title='bbox 1677 2298 1752 2411; x_wconf 82' lang='lat' dir='ltr'>fito</span> <span class='ocrx_word' id='word_1_144' title='bbox 1780 2300 1887 2385; x_wconf 85' lang='lat' dir='ltr'>ordi-</span> 
     </span>
     <span class='ocr_line' id='line_1_15' title="bbox 328 2414 1884 2531; baseline 0.001 -31"><span class='ocrx_word' id='word_1_145' title='bbox 328 2442 421 2500; x_wconf 78' lang='lat' dir='ltr'>nata</span> <span class='ocrx_word' id='word_1_146' title='bbox 433 2418 614 2528; x_wconf 81' lang='lat' dir='ltr'>potestate</span> <span class='ocrx_word' id='word_1_147' title='bbox 639 2446 716 2499; x_wconf 89' lang='lat' dir='ltr'>rton</span> <span class='ocrx_word' id='word_1_148' title='bbox 746 2419 911 2527; x_wconf 83' lang='lat' dir='ltr'>potuerit</span> <span class='ocrx_word' id='word_1_149' title='bbox 924 2414 1080 2529; x_wconf 76' lang='lat' dir='ltr'>firlvere</span> <span class='ocrx_word' id='word_1_150' title='bbox 1111 2422 1315 2503; x_wconf 75' lang='lat' dir='ltr'>humanum</span> <span class='ocrx_word' id='word_1_151' title='bbox 1342 2450 1465 2531; x_wconf 79' lang='lat' dir='ltr'>gertus</span> <span class='ocrx_word' id='word_1_152' title='bbox 1475 2418 1562 2531; x_wconf 77' lang='lat' dir='ltr'>stete</span> <span class='ocrx_word' id='word_1_153' title='bbox 1580 2416 1884 2531; x_wconf 75' lang='lat' dir='ltr'>satirfttc&#39;it&#39;orie:</span> 
     </span>
     <span class='ocr_line' id='line_1_16' title="bbox 330 2534 1885 2650; baseline 0 -31"><span class='ocrx_word' id='word_1_154' title='bbox 330 2534 457 2619; x_wconf 90' lang='lat' dir='ltr'>Unde</span> <span class='ocrx_word' id='word_1_155' title='bbox 478 2562 517 2645; x_wconf 87' lang='lat' dir='ltr'>q.</span> <span class='ocrx_word' id='word_1_156' title='bbox 548 2558 640 2646; x_wconf 73' lang='lat'>131.</span> <span class='ocrx_word' id='word_1_157' title='bbox 665 2535 802 2618; x_wconf 81' lang='lat' dir='ltr'>Urrdrrt</span> <span class='ocrx_word' id='word_1_158' title='bbox 820 2537 930 2620; x_wconf 86' lang='lat' dir='ltr'>Derts</span> <span class='ocrx_word' id='word_1_159' title='bbox 944 2535 1056 2648; x_wconf 81' lang='lat' dir='ltr'>poffit</span> <span class='ocrx_word' id='word_1_160' title='bbox 1071 2538 1254 2623; x_wconf 83' lang='lat' dir='ltr'>dimittere</span> <span class='ocrx_word' id='word_1_161' title='bbox 1272 2538 1428 2625; x_wconf 67' lang='lat' dir='ltr'>mortale</span> <span class='ocrx_word' id='word_1_162' title='bbox 1442 2564 1636 2647; x_wconf 82' lang='lat' dir='ltr'>peccorum</span> <span class='ocrx_word' id='word_1_163' title='bbox 1644 2536 1731 2650; x_wconf 81' lang='lat' dir='ltr'>fine</span> <span class='ocrx_word' id='word_1_164' title='bbox 1753 2538 1885 2649; x_wconf 79' lang='lat' dir='ltr'>alique</span> 
     </span>
     <span class='ocr_line' id='line_1_17' title="bbox 320 2650 1888 2769; baseline 0.003 -34"><span class='ocrx_word' id='word_1_165' title='bbox 320 2650 613 2766; x_wconf 55' lang='lat' dir='ltr'>primitivae,</span> <span class='ocrx_word' id='word_1_166' title='bbox 633 2653 688 2737; x_wconf 74' lang='lat' dir='ltr'>itu</span> <span class='ocrx_word' id='word_1_167' title='bbox 702 2653 898 2738; x_wconf 85' lang='lat' dir='ltr'>resolvit:</span> <span class='ocrx_word' id='word_1_168' title='bbox 922 2650 1095 2740; x_wconf 86' lang='lat' dir='ltr'>Solutio.</span> <span class='ocrx_word' id='word_1_169' title='bbox 1114 2656 1226 2741; x_wconf 78' lang='lat' dir='ltr'>Vade</span> <span class='ocrx_word' id='word_1_170' title='bbox 1244 2656 1543 2769; x_wconf 79' lang='lat' dir='ltr'>adtentefirttttm</span> <span class='ocrx_word' id='word_1_171' title='bbox 1558 2658 1739 2739; x_wconf 82' lang='lat' dir='ltr'>decimam</span> <span class='ocrx_word' id='word_1_172' title='bbox 1762 2650 1888 2768; x_wconf 56' lang='grc' dir='ltr'><em>φατί-</em></span> 
     </span>
     <span class='ocr_line' id='line_1_18' title="bbox 329 2770 1885 2885; baseline 0.001 -32"><span class='ocrx_word' id='word_1_173' title='bbox 329 2773 493 2873; x_wconf 83' lang='lat' dir='ltr'>tionem,</span> <span class='ocrx_word' id='word_1_174' title='bbox 517 2773 650 2884; x_wconf 82' lang='lat' dir='ltr'>inqua</span> <span class='ocrx_word' id='word_1_175' title='bbox 668 2770 832 2856; x_wconf 88' lang='lat' dir='ltr'>resolvit</span> <span class='ocrx_word' id='word_1_176' title='bbox 851 2773 961 2882; x_wconf 82' lang='lat' dir='ltr'>qubd</span> <span class='ocrx_word' id='word_1_177' title='bbox 981 2770 1064 2859; x_wconf 88' lang='lat' dir='ltr'>fine</span> <span class='ocrx_word' id='word_1_178' title='bbox 1079 2772 1344 2861; x_wconf 69' lang='lat' dir='ltr'>satisfactione</span> <span class='ocrx_word' id='word_1_179' title='bbox 1361 2805 1442 2859; x_wconf 90' lang='lat' dir='ltr'>non</span> <span class='ocrx_word' id='word_1_180' title='bbox 1458 2774 1590 2885; x_wconf 88' lang='lat' dir='ltr'>potest</span> <span class='ocrx_word' id='word_1_181' title='bbox 1604 2770 1757 2860; x_wconf 87' lang='lat' dir='ltr'>dimitti</span> <span class='ocrx_word' id='word_1_182' title='bbox 1772 2800 1885 2855; x_wconf 90' lang='lat' dir='ltr'>mor-</span> 
     </span>
     <span class='ocr_line' id='line_1_19' title="bbox 315 2880 1885 3003; baseline 0.001 -31"><span class='ocrx_word' id='word_1_183' title='bbox 315 2888 409 2973; x_wconf 85' lang='lat' dir='ltr'>&#39;tale</span> <span class='ocrx_word' id='word_1_184' title='bbox 431 2900 648 3000; x_wconf 72' lang='lat' dir='ltr'>peccatum</span> <span class='ocrx_word' id='word_1_185' title='bbox 663 2895 770 2995; x_wconf 32' lang='lat'><strong>;·&amp;,</strong></span> <span class='ocrx_word' id='word_1_186' title='bbox 791 2891 1030 2976; x_wconf 88' lang='lat' dir='ltr'>utbreviter</span> <span class='ocrx_word' id='word_1_187' title='bbox 1048 2887 1315 2993; x_wconf 86' lang='lat' dir='ltr'>concludam,</span> <span class='ocrx_word' id='word_1_188' title='bbox 1338 2892 1499 3003; x_wconf 83' lang='lat' dir='ltr'>semper</span> <span class='ocrx_word' id='word_1_189' title='bbox 1512 2891 1683 3003; x_wconf 88' lang='lat' dir='ltr'>requirit</span> <span class='ocrx_word' id='word_1_190' title='bbox 1705 2880 1885 2974; x_wconf 69' lang='lat' dir='ltr'>lbtisfac-</span> 
     </span>
     <span class='ocr_line' id='line_1_20' title="bbox 326 3006 1885 3119; baseline 0.001 -28"><span class='ocrx_word' id='word_1_191' title='bbox 326 3007 510 3110; x_wconf 87' lang='lat' dir='ltr'>tionem,</span> <span class='ocrx_word' id='word_1_192' title='bbox 530 3030 579 3094; x_wconf 90' lang='lat' dir='ltr'>ut</span> <span class='ocrx_word' id='word_1_193' title='bbox 600 3009 725 3095; x_wconf 80' lang='lat' dir='ltr'>etiam</span> <span class='ocrx_word' id='word_1_194' title='bbox 760 3006 937 3093; x_wconf 89' lang='lat' dir='ltr'>ostendit</span> <span class='ocrx_word' id='word_1_195' title='bbox 954 3028 1091 3094; x_wconf 85' lang='lat' dir='ltr'>textus</span> <span class='ocrx_word' id='word_1_196' title='bbox 1108 3007 1336 3119; x_wconf 12' lang='lat' dir='ltr'>‘adduttum</span> <span class='ocrx_word' id='word_1_197' title='bbox 1364 3040 1476 3094; x_wconf 88' lang='lat' dir='ltr'>num.</span> <span class='ocrx_word' id='word_1_198' title='bbox 1508 3038 1570 3092; x_wconf 80' lang='grc' dir='ltr'>η.</span> <span class='ocrx_word' id='word_1_199' title='bbox 1599 3008 1727 3119; x_wconf 84' lang='lat' dir='ltr'>Qubd</span> <span class='ocrx_word' id='word_1_200' title='bbox 1747 3030 1885 3092; x_wconf 87' lang='lat' dir='ltr'>autem</span> 
     </span>
     <span class='ocr_line' id='line_1_21' title="bbox 327 3124 1944 3238; baseline -0.003 -30"><span class='ocrx_word' id='word_1_201' title='bbox 327 3124 416 3212; x_wconf 82' lang='lat' dir='ltr'>baec</span> <span class='ocrx_word' id='word_1_202' title='bbox 439 3126 650 3213; x_wconf 75' lang='lat' dir='ltr'>satisfauio</span> <span class='ocrx_word' id='word_1_203' title='bbox 669 3125 819 3213; x_wconf 88' lang='lat' dir='ltr'>debeat</span> <span class='ocrx_word' id='word_1_204' title='bbox 838 3124 920 3212; x_wconf 84' lang='lat' dir='ltr'>effe</span> <span class='ocrx_word' id='word_1_205' title='bbox 931 3127 1249 3238; x_wconf 52' lang='lat' dir='ltr'>‚proportionata</span> <span class='ocrx_word' id='word_1_206' title='bbox 1263 3150 1458 3238; x_wconf 84' lang='lat' dir='ltr'>peccato,</span> <span class='ocrx_word' id='word_1_207' title='bbox 1473 3128 1596 3212; x_wconf 85' lang='lat' dir='ltr'>etiam</span> <span class='ocrx_word' id='word_1_208' title='bbox 1612 3124 1813 3211; x_wconf 87' lang='lat' dir='ltr'>indicatur</span> <span class='ocrx_word' id='word_1_209' title='bbox 1834 3124 1886 3211; x_wconf 86' lang='lat' dir='ltr'>ab</span> <span class='ocrx_word' id='word_1_210' title='bbox 1940 3190 1944 3203; x_wconf 72' lang='grc'>,</span> 
     </span>
     <span class='ocr_line' id='line_1_22' title="bbox 328 3242 1886 3365; baseline 0.001 -39"><span class='ocrx_word' id='word_1_211' title='bbox 328 3242 438 3353; x_wconf 79' lang='lat' dir='ltr'>ipsot</span> <span class='ocrx_word' id='word_1_212' title='bbox 454 3247 546 3356; x_wconf 88' lang='lat' dir='ltr'>quia</span> <span class='ocrx_word' id='word_1_213' title='bbox 568 3248 729 3359; x_wconf 85' lang='lat' dir='ltr'>semper</span> <span class='ocrx_word' id='word_1_214' title='bbox 742 3244 793 3329; x_wconf 81' lang='lat' dir='ltr'>ad</span> <span class='ocrx_word' id='word_1_215' title='bbox 806 3266 976 3355; x_wconf 84' lang='lat' dir='ltr'>peccata</span> <span class='ocrx_word' id='word_1_216' title='bbox 988 3244 1150 3360; x_wconf 79' lang='lat' dir='ltr'>gravia,</span> <span class='ocrx_word' id='word_1_217' title='bbox 1167 3248 1338 3357; x_wconf 88' lang='lat' dir='ltr'>requirit</span> <span class='ocrx_word' id='word_1_218' title='bbox 1346 3274 1540 3363; x_wconf 30' lang='lat' dir='ltr'>,magnam</span> <span class='ocrx_word' id='word_1_219' title='bbox 1555 3243 1886 3365; x_wconf 59' lang='lat' dir='ltr'>satisfactionem:</span> 
     </span>
     <span class='ocr_line' id='line_1_23' title="bbox 318 3356 1885 3478; baseline 0.001 -35"><span class='ocrx_word' id='word_1_220' title='bbox 318 3356 457 3446; x_wconf 59' lang='lat' dir='ltr'>«Unde</span> <span class='ocrx_word' id='word_1_221' title='bbox 478 3365 548 3448; x_wconf 70' lang='lat' dir='ltr'>tin</span> <span class='ocrx_word' id='word_1_222' title='bbox 570 3390 687 3476; x_wconf 84' lang='lat' dir='ltr'>prov.</span> <span class='ocrx_word' id='word_1_223' title='bbox 707 3385 811 3476; x_wconf 85' lang='lat' dir='ltr'>part.</span> <span class='ocrx_word' id='word_1_224' title='bbox 840 3390 876 3478; x_wconf 81' lang='lat'>3.</span> <span class='ocrx_word' id='word_1_225' title='bbox 911 3391 1001 3476; x_wconf 85' lang='lat' dir='ltr'>cap.</span> <span class='ocrx_word' id='word_1_226' title='bbox 1022 3394 1095 3466; x_wconf 87' lang='lat'>40.</span> <span class='ocrx_word' id='word_1_227' title='bbox 1128 3362 1178 3449; x_wconf 89' lang='lat' dir='ltr'>de</span> <span class='ocrx_word' id='word_1_228' title='bbox 1202 3364 1467 3450; x_wconf 68' lang='lat' dir='ltr'>satisfatione</span> <span class='ocrx_word' id='word_1_229' title='bbox 1492 3361 1547 3451; x_wconf 89' lang='lat' dir='ltr'>fic</span> <span class='ocrx_word' id='word_1_230' title='bbox 1576 3364 1748 3449; x_wconf 87' lang='lat' dir='ltr'>scribit:</span> <span class='ocrx_word' id='word_1_231' title='bbox 1772 3392 1885 3449; x_wconf 88' lang='lat' dir='ltr'>num.</span> 
     </span>
     <span class='ocr_line' id='line_1_24' title="bbox 333 3478 1886 3597; baseline 0.001 -35"><span class='ocrx_word' id='word_1_232' title='bbox 333 3504 372 3562; x_wconf 86' lang='lat'>2.</span> <span class='ocrx_word' id='word_1_233' title='bbox 386 3478 593 3597; x_wconf 77' lang='lat' dir='ltr'>secundum</span> <span class='ocrx_word' id='word_1_234' title='bbox 612 3485 716 3597; x_wconf 79' lang='lat' dir='ltr'>qudd</span> <span class='ocrx_word' id='word_1_235' title='bbox 723 3480 865 3597; x_wconf 74' lang='lat' dir='ltr'>offertfit</span> <span class='ocrx_word' id='word_1_236' title='bbox 882 3484 933 3593; x_wconf 82' lang='lat' dir='ltr'>est</span> <span class='ocrx_word' id='word_1_237' title='bbox 945 3513 1087 3595; x_wconf 80' lang='lat' dir='ltr'>magna</span> <span class='ocrx_word' id='word_1_238' title='bbox 1102 3543 1116 3585; x_wconf 89' lang='lat'>,</span> <span class='ocrx_word' id='word_1_239' title='bbox 1129 3484 1306 3569; x_wconf 83' lang='lat' dir='ltr'>convertit</span> <span class='ocrx_word' id='word_1_240' title='bbox 1322 3478 1650 3595; x_wconf 66' lang='lat' dir='ltr'>quddfhrisfht&#39;r‘io</span> <span class='ocrx_word' id='word_1_241' title='bbox 1659 3480 1715 3591; x_wconf 80' lang='lat' dir='ltr'>fir</span> <span class='ocrx_word' id='word_1_242' title='bbox 1728 3509 1886 3592; x_wconf 76' lang='lat' dir='ltr'>magna.</span> 
     </span>
    </p>

    <p class='ocr_par' dir='ltr' id='par_1_5' title="bbox 284 3594 1944 4531">
     <span class='ocr_line' id='line_1_25' title="bbox 284 3594 1887 3713; baseline 0 -32"><span class='ocrx_word' id='word_1_243' title='bbox 284 3648 289 3656; x_wconf 92' lang='lat'><strong>·</strong></span> <span class='ocrx_word' id='word_1_244' title='bbox 328 3595 387 3681; x_wconf 90' lang='lat' dir='ltr'>Et</span> <span class='ocrx_word' id='word_1_245' title='bbox 408 3627 521 3684; x_wconf 90' lang='lat' dir='ltr'>num.</span> <span class='ocrx_word' id='word_1_246' title='bbox 543 3626 579 3713; x_wconf 80' lang='lat'>3.</span> <span class='ocrx_word' id='word_1_247' title='bbox 591 3603 633 3711; x_wconf 81' lang='lat' dir='ltr'><em>fi</em></span> <span class='ocrx_word' id='word_1_248' title='bbox 648 3606 804 3687; x_wconf 86' lang='lat' dir='ltr'>nimium</span> <span class='ocrx_word' id='word_1_249' title='bbox 819 3604 963 3691; x_wconf 76' lang='lat' dir='ltr'>comedi</span> <span class='ocrx_word' id='word_1_250' title='bbox 992 3604 1007 3685; x_wconf 85' lang='lat' dir='ltr'>i</span> <span class='ocrx_word' id='word_1_251' title='bbox 1030 3598 1209 3711; x_wconf 72' lang='lat' dir='ltr'>&amp;bibisti</span> <span class='ocrx_word' id='word_1_252' title='bbox 1222 3662 1236 3702; x_wconf 88' lang='lat'>,</span> <span class='ocrx_word' id='word_1_253' title='bbox 1246 3598 1411 3711; x_wconf 78' lang='lat' dir='ltr'>fitrisfitc</span> <span class='ocrx_word' id='word_1_254' title='bbox 1429 3626 1513 3681; x_wconf 84' lang='lat' dir='ltr'>cum</span> <span class='ocrx_word' id='word_1_255' title='bbox 1525 3598 1683 3701; x_wconf 83' lang='lat' dir='ltr'>jejuniis</span> <span class='ocrx_word' id='word_1_256' title='bbox 1697 3594 1887 3707; x_wconf 76' lang='lat' dir='ltr'>&amp;partim</span> 
     </span>
     <span class='ocr_line' id='line_1_26' title="bbox 286 3714 1886 3831; baseline 0.001 -35"><span class='ocrx_word' id='word_1_257' title='bbox 286 3746 301 3775; x_wconf 89' lang='lat'><strong>·</strong></span> <span class='ocrx_word' id='word_1_258' title='bbox 328 3717 467 3801; x_wconf 74' lang='lat' dir='ltr'>bibere.</span> <span class='ocrx_word' id='word_1_259' title='bbox 490 3720 539 3804; x_wconf 90' lang='lat' dir='ltr'>In</span> <span class='ocrx_word' id='word_1_260' title='bbox 555 3722 815 3831; x_wconf 87' lang='lat' dir='ltr'>sequentibus</span> <span class='ocrx_word' id='word_1_261' title='bbox 830 3722 1011 3829; x_wconf 80' lang='lat' dir='ltr'>numeris</span> <span class='ocrx_word' id='word_1_262' title='bbox 1027 3716 1177 3805; x_wconf 85' lang='lat' dir='ltr'>fimiles</span> <span class='ocrx_word' id='word_1_263' title='bbox 1192 3714 1758 3830; x_wconf 68' lang='lat' dir='ltr'>deiignat&#39;satisfadionest&amp;</span> <span class='ocrx_word' id='word_1_264' title='bbox 1772 3744 1886 3799; x_wconf 88' lang='lat' dir='ltr'>num.</span> 
     </span>
     <span class='ocr_line' id='line_1_27' title="bbox 337 3830 1944 3945; baseline 0 -28"><span class='ocrx_word' id='word_1_265' title='bbox 337 3860 402 3939; x_wconf 83' lang='lat'>19.</span> <span class='ocrx_word' id='word_1_266' title='bbox 426 3830 505 3921; x_wconf 83' lang='lat' dir='ltr'>ait:</span> <span class='ocrx_word' id='word_1_267' title='bbox 523 3840 609 3919; x_wconf 86' lang='lat' dir='ltr'>Deo</span> <span class='ocrx_word' id='word_1_268' title='bbox 626 3870 702 3917; x_wconf 87' lang='lat' dir='ltr'>nort</span> <span class='ocrx_word' id='word_1_269' title='bbox 712 3850 824 3937; x_wconf 82' lang='lat' dir='ltr'>pores&#39;</span> <span class='ocrx_word' id='word_1_270' title='bbox 835 3836 1059 3941; x_wconf 77' lang='lat' dir='ltr'>fitrisfitcerc</span> <span class='ocrx_word' id='word_1_271' title='bbox 1081 3892 1096 3933; x_wconf 86' lang='lat'>,</span> <span class='ocrx_word' id='word_1_272' title='bbox 1124 3834 1408 3945; x_wconf 77' lang='lat' dir='ltr'>nifijrt&#39;ttndt&#39;tm</span> <span class='ocrx_word' id='word_1_273' title='bbox 1426 3836 1718 3945; x_wconf 82' lang='lat' dir='ltr'>proportionem.</span> <span class='ocrx_word' id='word_1_274' title='bbox 1741 3832 1790 3916; x_wconf 83' lang='lat' dir='ltr'>In</span> <span class='ocrx_word' id='word_1_275' title='bbox 1813 3832 1885 3917; x_wconf 84' lang='lat' dir='ltr'>lib.</span> <span class='ocrx_word' id='word_1_276' title='bbox 1916 3842 1944 3935; x_wconf 46' lang='lat'>,⁹</span> 
     </span>
     <span class='ocr_line' id='line_1_28' title="bbox 331 3944 1885 4067; baseline 0.001 -35"><span class='ocrx_word' id='word_1_277' title='bbox 331 3948 385 4033; x_wconf 87' lang='lat' dir='ltr'>de</span> <span class='ocrx_word' id='word_1_278' title='bbox 401 3951 536 4032; x_wconf 85' lang='lat' dir='ltr'>anima</span> <span class='ocrx_word' id='word_1_279' title='bbox 557 3965 631 4029; x_wconf 83' lang='lat' dir='ltr'>rat.</span> <span class='ocrx_word' id='word_1_280' title='bbox 649 3950 697 4055; x_wconf 84' lang='lat' dir='ltr'>’p.</span> <span class='ocrx_word' id='word_1_281' title='bbox 723 3973 763 4048; x_wconf 86' lang='lat'>9.</span> <span class='ocrx_word' id='word_1_282' title='bbox 786 3944 868 4055; x_wconf 87' lang='lat' dir='ltr'>spe.</span> <span class='ocrx_word' id='word_1_283' title='bbox 895 3974 984 4067; x_wconf 64' lang='lat' dir='ltr'>up.</span> <span class='ocrx_word' id='word_1_284' title='bbox 1011 3974 1076 4027; x_wconf 90' lang='lat' dir='ltr'>ro.</span> <span class='ocrx_word' id='word_1_285' title='bbox 1095 3950 1296 4056; x_wconf 69' lang='lat' dir='ltr'>Quomodo,</span> <span class='ocrx_word' id='word_1_286' title='bbox 1319 3952 1479 4050; x_wconf 77' lang='lat' dir='ltr'>anima,</span> <span class='ocrx_word' id='word_1_287' title='bbox 1499 3981 1583 4067; x_wconf 81' lang='lat' dir='ltr'>quae</span> <span class='ocrx_word' id='word_1_288' title='bbox 1599 3950 1652 4061; x_wconf 77' lang='lat' dir='ltr'>est</span> <span class='ocrx_word' id='word_1_289' title='bbox 1671 3952 1711 4033; x_wconf 89' lang='lat' dir='ltr'>irt</span> <span class='ocrx_word' id='word_1_290' title='bbox 1728 3975 1885 4060; x_wconf 81' lang='lat' dir='ltr'>peccato</span> 
     </span>
     <span class='ocr_line' id='line_1_29' title="bbox 311 4062 1887 4181; baseline 0.004 -34"><span class='ocrx_word' id='word_1_291' title='bbox 311 4065 484 4149; x_wconf 72' lang='lat' dir='ltr'>’monuit&#39;</span> <span class='ocrx_word' id='word_1_292' title='bbox 499 4064 729 4149; x_wconf 82' lang='lat' dir='ltr'>convertitur</span> <span class='ocrx_word' id='word_1_293' title='bbox 743 4064 783 4145; x_wconf 90' lang='lat' dir='ltr'>irt</span> <span class='ocrx_word' id='word_1_294' title='bbox 796 4062 938 4171; x_wconf 81' lang='lat' dir='ltr'>statum</span> <span class='ocrx_word' id='word_1_295' title='bbox 953 4062 1128 4173; x_wconf 74' lang='lat' dir='ltr'>gretie?</span> <span class='ocrx_word' id='word_1_296' title='bbox 1148 4064 1321 4149; x_wconf 81' lang='lat' dir='ltr'>Scribit:</span> <span class='ocrx_word' id='word_1_297' title='bbox 1335 4096 1360 4134; x_wconf 75' lang='grc' dir='ltr'>ιι</span> <span class='ocrx_word' id='word_1_298' title='bbox 1378 4066 1526 4151; x_wconf 84' lang='lat' dir='ltr'>Anima</span> <span class='ocrx_word' id='word_1_299' title='bbox 1541 4070 1701 4181; x_wconf 84' lang='lat' dir='ltr'>quaeest</span> <span class='ocrx_word' id='word_1_300' title='bbox 1719 4064 1761 4155; x_wconf 84' lang='lat' dir='ltr'>in·</span> <span class='ocrx_word' id='word_1_301' title='bbox 1782 4096 1887 4179; x_wconf 89' lang='lat' dir='ltr'>pec-</span> 
     </span>
     <span class='ocr_line' id='line_1_30' title="bbox 329 4178 1891 4297; baseline 0.006 -35"><span class='ocrx_word' id='word_1_302' title='bbox 329 4220 358 4264; x_wconf 70' lang='lat'>„</span> <span class='ocrx_word' id='word_1_303' title='bbox 383 4199 497 4297; x_wconf 75' lang='lat' dir='ltr'>tato,</span> <span class='ocrx_word' id='word_1_304' title='bbox 521 4180 749 4295; x_wconf 85' lang='lat' dir='ltr'>disponitur</span> <span class='ocrx_word' id='word_1_305' title='bbox 769 4178 927 4296; x_wconf 19' lang='lat' dir='ltr'>att-,effe</span> <span class='ocrx_word' id='word_1_306' title='bbox 947 4180 989 4264; x_wconf 90' lang='lat' dir='ltr'>in</span> <span class='ocrx_word' id='word_1_307' title='bbox 1014 4180 1116 4263; x_wconf 89' lang='lat' dir='ltr'>statu</span> <span class='ocrx_word' id='word_1_308' title='bbox 1132 4182 1271 4294; x_wconf 81' lang='lat' dir='ltr'>gratiae</span> <span class='ocrx_word' id='word_1_309' title='bbox 1299 4184 1559 4295; x_wconf 81' lang='lat' dir='ltr'>inquantum</span> <span class='ocrx_word' id='word_1_310' title='bbox 1586 4187 1624 4272; x_wconf 89' lang='lat' dir='ltr'>se</span> <span class='ocrx_word' id='word_1_311' title='bbox 1655 4185 1809 4295; x_wconf 81' lang='lat' dir='ltr'>judicat</span> <span class='ocrx_word' id='word_1_312' title='bbox 1835 4188 1891 4273; x_wconf 84' lang='lat' dir='ltr'>ad</span> 
     </span>
     <span class='ocr_line' id='line_1_31' title="bbox 330 4298 1886 4417; baseline 0.006 -36"><span class='ocrx_word' id='word_1_313' title='bbox 330 4340 358 4381; x_wconf 64' lang='grc' dir='ltr'><em>η</em></span> <span class='ocrx_word' id='word_1_314' title='bbox 383 4299 692 4386; x_wconf 65' lang='lat' dir='ltr'>satisfactionem</span> <span class='ocrx_word' id='word_1_315' title='bbox 710 4298 1437 4413; x_wconf 74' lang='lat' dir='ltr'>perconscientiam‚contritionern,&#39;</span> <span class='ocrx_word' id='word_1_316' title='bbox 1454 4304 1822 4417; x_wconf 67' lang='lat' dir='ltr'>&amp;poenitentium</span> <span class='ocrx_word' id='word_1_317' title='bbox 1842 4308 1886 4391; x_wconf 81' lang='lat' dir='ltr'>dc</span> 
     </span>
     <span class='ocr_line' id='line_1_32' title="bbox 314 4417 1889 4531; baseline 0.005 -32"><span class='ocrx_word' id='word_1_318' title='bbox 314 4438 357 4499; x_wconf 71' lang='lat' dir='ltr'>&#39;n</span> <span class='ocrx_word' id='word_1_319' title='bbox 381 4418 488 4529; x_wconf 78' lang='lat' dir='ltr'>petit</span> <span class='ocrx_word' id='word_1_320' title='bbox 521 4418 720 4527; x_wconf 82' lang='lat' dir='ltr'>veniam,</span> <span class='ocrx_word' id='word_1_321' title='bbox 753 4422 795 4503; x_wconf 79' lang='lat' dir='ltr'>dc</span> <span class='ocrx_word' id='word_1_322' title='bbox 824 4418 948 4503; x_wconf 86' lang='lat' dir='ltr'>habet</span> <span class='ocrx_word' id='word_1_323' title='bbox 977 4417 1174 4529; x_wconf 80' lang='lat' dir='ltr'>placitum</span> <span class='ocrx_word' id='word_1_324' title='bbox 1197 4417 1247 4505; x_wconf 91' lang='lat' dir='ltr'>de</span> <span class='ocrx_word' id='word_1_325' title='bbox 1271 4420 1338 4505; x_wconf 85' lang='lat' dir='ltr'>illa</span> <span class='ocrx_word' id='word_1_326' title='bbox 1360 4422 1563 4522; x_wconf 71' lang='lat' dir='ltr'>vinditio,</span> <span class='ocrx_word' id='word_1_327' title='bbox 1585 4450 1708 4531; x_wconf 87' lang='lat' dir='ltr'>quam</span> <span class='ocrx_word' id='word_1_328' title='bbox 1738 4422 1889 4529; x_wconf 78' lang='lat' dir='ltr'>iustitie</span> 
     </span>
    </p>

    <p class='ocr_par' dir='ltr' id='par_1_6' title="bbox 328 4535 1887 4650">
     <span class='ocr_line' id='line_1_33' title="bbox 328 4535 1887 4650; baseline 0.007 -32"><span class='ocrx_word' id='word_1_329' title='bbox 328 4576 357 4618; x_wconf 69' lang='lat' dir='ltr'>n</span> <span class='ocrx_word' id='word_1_330' title='bbox 380 4536 470 4623; x_wconf 88' lang='lat' dir='ltr'>Dei</span> <span class='ocrx_word' id='word_1_331' title='bbox 488 4539 664 4623; x_wconf 86' lang='lat' dir='ltr'>voluerit</span> <span class='ocrx_word' id='word_1_332' title='bbox 681 4536 819 4623; x_wconf 84' lang='lat' dir='ltr'>facete</span> <span class='ocrx_word' id='word_1_333' title='bbox 831 4535 884 4622; x_wconf 89' lang='lat' dir='ltr'>de</span> <span class='ocrx_word' id='word_1_334' title='bbox 906 4536 1011 4647; x_wconf 81' lang='lat' dir='ltr'>ipsat</span> <span class='ocrx_word' id='word_1_335' title='bbox 1025 4542 1066 4621; x_wconf 74' lang='grc' dir='ltr'>ἂ</span> <span class='ocrx_word' id='word_1_336' title='bbox 1080 4540 1293 4650; x_wconf 83' lang='lat' dir='ltr'>postquam</span> <span class='ocrx_word' id='word_1_337' title='bbox 1311 4542 1442 4626; x_wconf 81' lang='lat' dir='ltr'>anima</span> <span class='ocrx_word' id='word_1_338' title='bbox 1456 4542 1497 4623; x_wconf 88' lang='lat' dir='ltr'>se</span> <span class='ocrx_word' id='word_1_339' title='bbox 1511 4541 1630 4649; x_wconf 88' lang='lat' dir='ltr'>ponit</span> <span class='ocrx_word' id='word_1_340' title='bbox 1645 4538 1686 4623; x_wconf 92' lang='lat' dir='ltr'>in</span> <span class='ocrx_word' id='word_1_341' title='bbox 1696 4542 1887 4640; x_wconf 81' lang='lat' dir='ltr'>ratione,</span> 
     </span>
    </p>

    <p class='ocr_par' dir='ltr' id='par_1_7' title="bbox 329 4644 1888 4771">
     <span class='ocr_line' id='line_1_34' title="bbox 329 4644 1888 4771; baseline 0.004 -36"><span class='ocrx_word' id='word_1_342' title='bbox 329 4644 358 4737; x_wconf 65' lang='grc' dir='ltr'><em>ἠ</em></span> <span class='ocrx_word' id='word_1_343' title='bbox 381 4684 464 4745; x_wconf 88' lang='lat' dir='ltr'>non</span> <span class='ocrx_word' id='word_1_344' title='bbox 488 4658 620 4767; x_wconf 77' lang='lat' dir='ltr'>potest</span> <span class='ocrx_word' id='word_1_345' title='bbox 640 4656 700 4743; x_wconf 83' lang='lat' dir='ltr'>iili</span> <span class='ocrx_word' id='word_1_346' title='bbox 718 4650 896 4741; x_wconf 86' lang='lat' dir='ltr'>deficere</span> <span class='ocrx_word' id='word_1_347' title='bbox 913 4654 1039 4771; x_wconf 66' lang='lat' dir='ltr'>gratie</span> <span class='ocrx_word' id='word_1_348' title='bbox 1057 4652 1165 4759; x_wconf 89' lang='lat' dir='ltr'>Dei,</span> <span class='ocrx_word' id='word_1_349' title='bbox 1185 4686 1275 4771; x_wconf 80' lang='lat' dir='ltr'>quae</span> <span class='ocrx_word' id='word_1_350' title='bbox 1295 4654 1770 4754; x_wconf 80' lang='lat' dir='ltr'>debetconcordentiam</span> <span class='ocrx_word' id='word_1_351' title='bbox 1787 4687 1888 4743; x_wconf 87' lang='lat' dir='ltr'>cum</span> 
     </span>
    </p>

    <p class='ocr_par' dir='ltr' id='par_1_8' title="bbox 322 4772 1888 4884">
     <span class='ocr_line' id='line_1_35' title="bbox 322 4772 1888 4884; baseline 0.005 -32"><span class='ocrx_word' id='word_1_352' title='bbox 322 4812 356 4853; x_wconf 61' lang='grc' dir='ltr'><strong><em>ω</em></strong></span> <span class='ocrx_word' id='word_1_353' title='bbox 380 4773 527 4879; x_wconf 77' lang='lat' dir='ltr'>justitia</span> <span class='ocrx_word' id='word_1_354' title='bbox 549 4780 591 4860; x_wconf 78' lang='lat' dir='ltr'>dr</span> <span class='ocrx_word' id='word_1_355' title='bbox 604 4772 910 4876; x_wconf 82' lang='lat' dir='ltr'>misericordia,</span> <span class='ocrx_word' id='word_1_356' title='bbox 928 4778 976 4859; x_wconf 79' lang='grc' dir='ltr'>’δι</span> <span class='ocrx_word' id='word_1_357' title='bbox 989 4776 1065 4884; x_wconf 77' lang='lat' dir='ltr'>pe&#39;r</span> <span class='ocrx_word' id='word_1_358' title='bbox 1081 4775 1192 4863; x_wconf 82' lang='lat' dir='ltr'>hune</span> <span class='ocrx_word' id='word_1_359' title='bbox 1204 4774 1377 4871; x_wconf 81' lang='lat' dir='ltr'>modum</span> <span class='ocrx_word' id='word_1_360' title='bbox 1393 4774 1512 4859; x_wconf 87' lang='lat' dir='ltr'>Deus</span> <span class='ocrx_word' id='word_1_361' title='bbox 1523 4774 1764 4873; x_wconf 66' lang='lat' dir='ltr'>benedictus,</span> <span class='ocrx_word' id='word_1_362' title='bbox 1784 4785 1888 4873; x_wconf 75' lang='lat' dir='ltr'>con&#39;-</span> 
     </span>
    </p>

    <p class='ocr_par' dir='ltr' id='par_1_9' title="bbox 286 4882 1890 5589">
     <span class='ocr_line' id='line_1_36' title="bbox 310 4882 1680 4989; baseline 0.001 -15"><span class='ocrx_word' id='word_1_363' title='bbox 310 4882 356 4974; x_wconf 73' lang='grc' dir='ltr'>ἶ»</span> <span class='ocrx_word' id='word_1_364' title='bbox 381 4892 506 4977; x_wconf 77' lang='lat' dir='ltr'>vertit</span> <span class='ocrx_word' id='word_1_365' title='bbox 528 4893 639 4978; x_wconf 83' lang='lat' dir='ltr'>iliam</span> <span class='ocrx_word' id='word_1_366' title='bbox 658 4890 712 4977; x_wconf 84' lang='lat' dir='ltr'>de</span> <span class='ocrx_word' id='word_1_367' title='bbox 733 4890 902 4976; x_wconf 81' lang='lat' dir='ltr'>maloin</span> <span class='ocrx_word' id='word_1_368' title='bbox 923 4892 1093 4977; x_wconf 88' lang='lat' dir='ltr'>bonum.</span> <span class='ocrx_word' id='word_1_369' title='bbox 1108 4936 1134 4975; x_wconf 74' lang='lat' dir='ltr'>n</span> <span class='ocrx_word' id='word_1_370' title='bbox 1180 4966 1195 4989; x_wconf 80' lang='grc'>,</span> <span class='ocrx_word' id='word_1_371' title='bbox 1671 4902 1680 4919; x_wconf 90' lang='grc'><strong>“</strong></span> 
     </span>
     <span class='ocr_line' id='line_1_37' title="bbox 311 4998 1889 5123; baseline 0.001 -29"><span class='ocrx_word' id='word_1_372' title='bbox 311 5048 318 5055; x_wconf 96' lang='grc'><em>·</em></span> <span class='ocrx_word' id='word_1_373' title='bbox 388 5012 545 5123; x_wconf 74' lang='lat' dir='ltr'><strong>XXIV.</strong></span> <span class='ocrx_word' id='word_1_374' title='bbox 577 5014 694 5095; x_wconf 84' lang='lat' dir='ltr'>Hanc</span> <span class='ocrx_word' id='word_1_375' title='bbox 724 5008 945 5109; x_wconf 85' lang='lat' dir='ltr'>eamdem,</span> <span class='ocrx_word' id='word_1_376' title='bbox 974 5037 1094 5121; x_wconf 78' lang='lat' dir='ltr'>quam</span> <span class='ocrx_word' id='word_1_377' title='bbox 1130 4998 1390 5119; x_wconf 74' lang='lat' dir='ltr'>exposuimus</span> <span class='ocrx_word' id='word_1_378' title='bbox 1409 5071 1423 5113; x_wconf 88' lang='lat'>,</span> <span class='ocrx_word' id='word_1_379' title='bbox 1442 5010 1552 5099; x_wconf 88' lang='lat' dir='ltr'>Luiii</span> <span class='ocrx_word' id='word_1_380' title='bbox 1579 5005 1805 5093; x_wconf 72' lang='lat' dir='ltr'>dominam</span> <span class='ocrx_word' id='word_1_381' title='bbox 1833 5006 1889 5095; x_wconf 71' lang='lat' dir='ltr'>de</span> 
     </span>
     <span class='ocr_line' id='line_1_38' title="bbox 312 5126 1890 5239; baseline 0 -26"><span class='ocrx_word' id='word_1_382' title='bbox 312 5126 564 5215; x_wconf 72' lang='lat' dir='ltr'>‹necemute</span> <span class='ocrx_word' id='word_1_383' title='bbox 589 5129 810 5215; x_wconf 82' lang='lat' dir='ltr'>voltmtatis</span> <span class='ocrx_word' id='word_1_384' title='bbox 831 5127 1099 5219; x_wconf 82' lang='lat' dir='ltr'>satisfaciendi</span> <span class='ocrx_word' id='word_1_385' title='bbox 1133 5155 1210 5239; x_wconf 91' lang='lat' dir='ltr'>pro</span> <span class='ocrx_word' id='word_1_386' title='bbox 1246 5150 1421 5237; x_wconf 83' lang='lat' dir='ltr'>peccato</span> <span class='ocrx_word' id='word_1_387' title='bbox 1451 5130 1503 5217; x_wconf 87' lang='lat' dir='ltr'>ad</span> <span class='ocrx_word' id='word_1_388' title='bbox 1533 5127 1890 5238; x_wconf 81' lang='lat' dir='ltr'>proportionatam</span> 
     </span>
     <span class='ocr_line' id='line_1_39' title="bbox 329 5242 1890 5361; baseline -0.003 -30"><span class='ocrx_word' id='word_1_389' title='bbox 329 5247 637 5361; x_wconf 71' lang='lat' dir='ltr'>aequalitatem,</span> <span class='ocrx_word' id='word_1_390' title='bbox 663 5267 713 5331; x_wconf 82' lang='lat' dir='ltr'>ut</span> <span class='ocrx_word' id='word_1_391' title='bbox 732 5246 868 5357; x_wconf 83' lang='lat' dir='ltr'>cuipae</span> <span class='ocrx_word' id='word_1_392' title='bbox 901 5245 1151 5349; x_wconf 81' lang='lat' dir='ltr'>condonatio</span> <span class='ocrx_word' id='word_1_393' title='bbox 1173 5244 1445 5349; x_wconf 65' lang='lat' dir='ltr'>obtinentin,</span> <span class='ocrx_word' id='word_1_394' title='bbox 1477 5242 1665 5359; x_wconf 69' lang='lat' dir='ltr'>erepte-ite</span> <span class='ocrx_word' id='word_1_395' title='bbox 1701 5242 1890 5350; x_wconf 78' lang='lat' dir='ltr'>defendit</span> 
     </span>
     <span class='ocr_line' id='line_1_40' title="bbox 286 5360 1890 5568; baseline 0.001 -121"><span class='ocrx_word' id='word_1_396' title='bbox 286 5430 290 5437; x_wconf 88' lang='lat'><em>.</em></span> <span class='ocrx_word' id='word_1_397' title='bbox 331 5364 537 5481; x_wconf 74' lang='lat' dir='ltr'>Egregius</span> <span class='ocrx_word' id='word_1_398' title='bbox 559 5366 802 5483; x_wconf 79' lang='lat' dir='ltr'>Theologur</span> <span class='ocrx_word' id='word_1_399' title='bbox 823 5362 976 5483; x_wconf 75' lang='lat' dir='ltr'>Amore</span> <span class='ocrx_word' id='word_1_400' title='bbox 996 5364 1147 5457; x_wconf 74' lang='lat' dir='ltr'>Theol-</span> <span class='ocrx_word' id='word_1_401' title='bbox 1170 5362 1310 5453; x_wconf 80' lang='lat' dir='ltr'>Eelee.</span> <span class='ocrx_word' id='word_1_402' title='bbox 1333 5384 1436 5451; x_wconf 88' lang='lat' dir='ltr'>tom.</span> <span class='ocrx_word' id='word_1_403' title='bbox 1465 5390 1501 5474; x_wconf 87' lang='lat'>3.</span> <span class='ocrx_word' id='word_1_404' title='bbox 1519 5360 1708 5568; x_wconf 47' lang='lat' dir='ltr'>brzcdde</span> <span class='ocrx_word' id='word_1_405' title='bbox 1739 5362 1890 5449; x_wconf 77' lang='lat' dir='ltr'>Sacra·-</span> 
     </span>
     <span class='ocr_line' id='line_1_41' title="bbox 1677 5506 1707 5589; baseline 0 0"><span class='ocrx_word' id='word_1_406' title='bbox 1677 5506 1707 5589; x_wconf 73' lang='lat'>¹}</span> 
     </span>
    </p>
   </div>
   <div class='ocr_carea' id='block_1_2' title="bbox 0 0 2584 6660">
    <p class='ocr_par' dir='ltr' id='par_1_10' title="bbox 0 0 2584 6660">
     <span class='ocr_line' id='line_1_42' title="bbox 0 0 2584 6660; baseline 0 0"><span class='ocrx_word' id='word_1_407' title='bbox 0 0 2584 6660; x_wconf 95' lang='lat' dir='ltr'> </span> 
     </span>
    </p>
   </div>
  </div>
 </body>
</html>
