5150 6667
711 716 768 790 μ
861 678 1201 768 vruutc.
1262 676 2110 775 nuan.r.0n.-111;D1sa.1.
2246 657 2248 661 ’

391 826 400 835 ’
491 875 495 886 -
570 837 611 939 J
703 823 826 932 potest
843 826 1034 934 acquirere
1045 796 1118 931 pe'r
1136 814 1369 931 diligere,&
1390 818 1617 903 intelleil'urn
1632 848 1801 929 puregere
1817 818 2108 918 adcredendum
2129 819 2261 905 telin*

710 941 792 1026 telli
817 943 966 1025 endum.
1342 1014 1347 1019 .
1619 999 1631 1019 .
1739 996 1741 999 -
2059 1002 2064 1009 .

636 1039 640 1050 ⁵
770 974 926 1147 rlXJV.
943 1102 947 1105 >
964 1061 1031 1143 Ex
1049 1058 1163 1145 diuis
1185 1052 1430 1166 apetiffnne
1455 1056 1610 1139 constat
1636 1084 1755 1141 mons
1771 1055 1910 1156 nulli,
1935 1051 2129 1146 videlicet
2151 1054 2262 1165 qued

709 1178 840 1289 gloria
868 1177 987 1261 datur
1008 1176 1231 1262 secundum
1253 1175 1424 1273 merita,
1450 1180 1491 1259 &
1514 1168 1625 1283 quod
1641 1174 1768 1259 homo
1793 1174 1834 1257 in
1857 1174 1922 1257 via
1936 1173 2117 1283 acquirit
2139 1176 2263 1259 meri-

710 1317 801 1379 tum
821 1294 1002 1401 ejusdem
1021 1296 1162 1408 gloriae
1181 1325 1193 1383 t
1216 1294 1296 1377 hoc
1316 1315 1453 1377 autem
1476 1293 1669 1377 meritum
1690 1290 1809 1377 unice
1834 1291 2076 1405 cumgratia
2092 1292 2263 1380 Dei-ao-

712 1415 910 1524 quiritur,
941 1417 982 1497 δι
1013 1411 1285 1497 mediantibus
1315 1404 1426 1511 fide,
1447 1411 1544 1519 spe,
1574 1416 1616 1497 &
1636 1410 1863 1509 charitate,
1886 1438 1975 1519 quae
2001 1412 2092 1494 stunt
2115 1410 2263 1503 donau

619 1615 621 1620 .
712 1534 809 1617 Deo
832 1531 924 1616 data
946 1530 997 1615 ad
1012 1529 1283 1623 merendum
1307 1530 1362 1614 ita
1375 1527 1488 1639 quod
1509 1558 1592 1613 non
1607 1530 1722 1615 aliter
1737 1528 2044 1639 praedellinatur
2065 1531 2192 1615 homo
2211 1530 2263 1614 ad

609 1657 611 1660 ’
708 1650 912 1765 gloriam,
942 1647 1016 1733 nisa
1038 1679 1092 1735 ex
1112 1642 1678 1763 meritis'ejusdempraevifis
1708 1679 1718 1729 :
1753 1646 1863 1733 unde
1890 1646 2152 1762 manifewm
2173 1651 2261 1749 est,

710 1769 798 1877 ejus
830 1788 1013 1854 mentem
1036 1765 1116 1853 effe
1140 1767 1308 1851 omnino
1340 1766 1510 1871 alienam
1533 1766 1581 1849 ab
1604 1794 1685 1866 eo,
1703 1762 1815 1879 quod
1839 1766 1996 1879 gloria,
2022 1788 2071 1849 ut
2086 1764 2169 1878 ipfi
2182 1768 2262 1851 im·
2391 1774 2414 1817 ·

709 1888 928 2002 pingitur,
954 1882 1498 1993 homini1dotursecundum
1515 1884 1714 1969 naturalia
1737 1888 1778 1967 oc
1795 1912 1855 1969 ex
1881 1884 2137 1999 ‚narratibus
2168 1916 2180 1979 ε
2216 1910 2264 1985 ae

706 2005 914 2117 proinde5
932 2002 1075 2117 fiquid
1084 2004 1264 2105 dixerit,
1287 2001 1399 2113 quod
1420 2001 1658 2087 contrariari
1679 2000 1892 2103 videatur,
1911 2004 2144 2110 juxtareste
2164 2002 2262 2091 Cri·
2303 2056 2306 2064 ·

630 2174 659 2215 ,-
706 2124 814 2210 tices
838 2125 996 2238 regulas
1019 2123 1145 2211 debet
1166 2122 1339 2237 intelligi
1361 2121 1629 2208 conformiter
1651 2119 1701 2204 ad
1736 2121 1823 2227 ejus
1846 2143 2031 2209 mentem
2059 2121 2167 2208 adeo.
2189 2152 2263 2234 pa-

711 2263 849 2329 tenter
859 2244 903 2352 in
916 2244 997 2329 hoc
1013 2242 1163 2329 eodem
1183 2243 1288 2327 libro
1304 2236 1542 2352 expolitam.
1566 2238 1623 2322 At
1645 2267 1777 2349 neque
1797 2242 1840 2325 in
1857 2241 1932 2326 hac
1949 2284 1962 2341 χ
2072 2242 2170 2327 -'one
2184 2272 2263 2327 no-

712 2383 823 2462 tata,
849 2354 929 2471 'per
948 2362 989 2446 se
1011 2363 1139 2472 ipsam
1160 2360 1362 2471 expensa,
1386 2365 1427 2445 ἃ
1452 2350 1658 2468 praecifive
1682 2358 1705 2439 l
1726 2378 1925 2445 contextu
1955 2360 1962 2457 s
2055 2370 2057 2375 ’
2136 2361 2264 2471 quaes-

711 2479 907 2579 tionum,
934 2480 1105 2564 habetur
1130 2480 1331 2564 sufficiens
1354 2476 1667 2562 fundamentum
1683 2476 1945 2589 impingendi
1974 2479 2097 2565 Lullo
2118 2478 2263 2589 prefa-

714 2618 804 2684 tum
827 2624 1038 2698 errorem,
1056 2619 1103 2681 ut
1118 2595 1373 2683 manifestum
1396 2592 1444 2684 fit
1465 2625 1518 2680 ex
1537 2594 1900 2701 ejuareflexiona

774 2716 910 2803 XXV..
927 2716 1070 2826 Itaque
1093 2715 1135 2800 in
1150 2715 1270 2800 citata
1286 2716 1501 2826 quaestione
1523 2710 1586 2797 18.
1603 2712 1717 2799 Sent.
1742 2716 1898 2823 querit.
1920 2714 2054 2799 Utrum
2076 2738 2261 2826 augurans·

712 2859 792 2920 urm
822 2833 1019 2919 chariratis
1033 2832 1308 2943 lrabeat'finem
1331 2837 1355 2917 ‚²
1384 2834 1476 2920 l-Ioc
1499 2852 1636 2916 autem
1659 2831 1826 2941 inquirit
1844 2834 2139 2943 consequenter
2160 2833 2211 2919 ad
2224 2858 2262 2944 q.

723 2982 786 3061 17.
811 2952 851 3036 in
883 2942 962 3063 qua
982 2952 1179 3053 resolvit,
1205 2950 1316 3062 quod
1338 2952 1508 3035 charitas
1531 2950 1861 3063 potest.augeri‚
1885 2980 1969 3037 non
1993 2952 2159 3062 quidem
2188 2980 2265 3063 per

702 3070 966 3163 additionem
992 3068 1174 3156 essentie
1193 3069 1353 3154 habitus
1376 3068 1580 3154 charitatis
1606 3068 1665 3151 ad.
1681 3066 1891 3157 essentiam
1912 3070 2070 3157 habitus
2094 3074 2265 3183 charita-

657 3241 659 3244 .
715 3190 768 3273 tis
790 3249 812 3289 ‚.
836 3189 905 3294 sed
922 3192 1083 3273 tantum
1097 3217 1172 3297 per
1193 3192 1302 3271 astus
1328 3186 1688 3295 charitatismotest
1711 3181 1802 3272 fieri
1830 3190 1916 3273 haec
1957 3192 2263 3303 augmentatio:

708 3307 825 3393 unde
843 3307 960 3391 ‘nunc
985 3306 1179 3418 inquirit,
1196 3336 1248 3390 an
1272 3304 1359 3389 haec
1385 3305 1821 3417 augmentatiohabeat
1835 3304 1961 3392 finem
1983 3331 1995 3400 ;
2018 3308 2070 3393 ad
2091 3310 2178 3416 ejus
2196 3337 2265 3413 att·

714 3446 803 3510 tem
822 3426 1113 3530 resolutionem
1127 3426 1205 3525 ‚ita
1222 3452 1334 3505 num.
1358 3452 1391 3504 1.
1406 3421 1622 3533 praemittit
1646 3427 1816 3508 :animo
1829 3456 1906 3509 non
1917 3424 2010 3537 fient
2024 3406 2188 3539 oeqlrales
2198 3424 2264 3535 se-

578 3586 610 3624 a
699 3544 880 3639 cundum
911 3544 1143 3649 existentium
1181 3540 1266 3644 (id
1287 3542 1345 3625 est
1367 3539 1589 3643 secundum
1611 3543 1726 3625 suum
1748 3538 1829 3635 else
1853 3545 2033 3631 naturale
2056 3550 2076 3657 )
2097 3574 2261 3653 nec-per
2369 3626 2373 3631 .

525 3666 586 3708 ³⁰·
617 3684 625 3704 ·
699 3659 942 3772 consequeus
954 3657 1162 3769 ficundtlm
1176 3661 1426 3769 ope-tationem
1448 3692 1465 3761 ;
1486 3658 1594 3769 ficut.
1607 3662 1738 3743 animo
1755 3662 1805 3745 Β.
1818 3665 1958 3765 'Petri5
1979 3694 2063 3776 qaue
2083 3664 2135 3773 est
2145 3662 2266 3767 malos
2381 3754 2388 3761 .

627 3879 630 3883 A
714 3782 829 3891 qttclm
852 3779 982 3860 animo
1003 3780 1053 3863 Β.
1073 3777 1293 3879 Guillelmi,
1315 3778 1404 3889 quio
1417 3778 1457 3888 fi
1478 3776 1591 3892 efflat
1609 3780 1775 3891 equales
1792 3840 1806 3880 ,
1820 3779 2064 3895 sequerentur
2076 3783 2193 3891 pluro
2206 3784 2267 3865 in-

715 3897 1006 4001 continentia,
1028 3898 1112 3980 clun
1125 3898 1175 3978 t'u
1194 3896 1330 3989 Putria
1353 3895 1488 4006 nonfit
1506 3897 1597 3982 dore
1621 3927 1808 4003 vacuum,
1829 3902 1933 4013 quod
1945 3901 2034 4016 effer
2045 3961 2059 4001 ,
2067 3901 2108 4011 fi
2125 3904 2271 3987 onim

698 4015 828 4129 -effent
852 4015 1049 4127 aquales,
1074 4014 1177 4125 secut
1194 4014 1572 4118 animo.Guillelmt',
1594 4044 1678 4125 que
1700 4044 1777 4101 non
1811 4044 1970 4121 meretur
1998 4020 2144 4104 motum
2175 4019 2266 4130 glo-

713 4136 814 4236 riae,
836 4135 1027 4245 quantum·
1039 4134 1169 4217 animo
1196 4132 1246 4217 B.
1267 4133 1372 4215 Petri
1392 4166 1411 4234 ;
1434 4130 1475 4217 δ’
1490 4133 1551 4245 stc
1571 4160 1778 4247 remaneret
1800 4166 1927 4229 vacua,
1940 4138 2097 4249 glorirl,
2119 4141 2263 4221 rotrone

711 4251 823 4354 cujus
843 4254 1045 4337 vacuitatis
1070 4282 1146 4337 non
1168 4251 1481 4359 tateretplenam
1500 4252 1664 4361 gloriam
1682 4286 1701 4354 ;
1725 4248 1832 4365 &fic
1853 4254 1922 4339 itta
1943 4259 2138 4368 quantitas
2147 4253 2262 4367 stubs-

713 4372 872 4472 tuntiae,
896 4400 968 4480 per
987 4400 1100 4483 quom
1117 4368 1237 4486 poffet
1252 4372 1411 4479 recepere
1435 4369 1614 4471 majorem
1632 4370 1797 4479 glorian
1812 4431 1827 4471 ,
1841 4372 2262 4489 effitsuperfluecreoto
2407 4392 2412 4401 ‘

712 4492 739 4571 ἁ
760 4490 873 4591 Deo,
891 4487 932 4573 δ’
953 4491 1146 4599 impediret
1170 4490 1274 4601 quod
1291 4490 1425 4585 areima
1445 4518 1522 4573 non
1544 4488 1697 4573 habetet
1711 4489 1920 4601 perfetione
1940 4493 2138 4602 glorium,
2162 4493 2266 4605 quod

524 4630 529 4638 ’
704 4606 767 4712 est
786 4605 1020 4717 impoffibile.
1043 4607 1100 4690 Et
1117 4635 1229 4690 num.
1257 4633 1295 4689 2.
1319 4606 1484 4690 scribit:
1507 4634 1533 4677 a
1555 4600 1660 4689 Etfi
1682 4605 1782 4693 dicis
1807 4608 1918 4719 quod
1935 4610 2054 4697 Deus
2073 4636 2148 4720 per
2168 4638 2264 4725 gra-

714 4763 744 4805 „
766 4725 868 4809 tiam
894 4724 1071 4833 impleat
1087 4722 1496 4809 animamGuillelmi
1523 4724 1654 4837 glorie
1671 4785 1686 4825 ‚
1706 4748 1754 4809 ut
1785 4722 1835 4813 fit
1855 4730 2018 4839 aequalis
2045 4729 2190 4813 anime
2213 4726 2262 4815 Β.

713 4882 744 4925 υ
769 4841 883 4926 Petri
902 4840 944 4925 in
967 4839 1219 4950 plenitudine
1237 4841 1376 4957 gratiae
1402 4848 1444 4928 ὅ(
1467 4843 1606 4957 gloriae
1626 4901 1639 4943 ,
1663 4842 1764 4929 dicia
1788 4845 1907 4955 quod
1921 4848 2038 4932 Deus
2057 4846 2178 4932 faciat
2199 4846 2264 4931 in-

696 5001 744 5043 7ω
767 4961 914 5067 iuriam
935 4960 1079 5042 animae
1102 4958 1149 5041 Β.
1177 4960 1319 5060 Petri,
1345 4961 1387 5043 in
1407 4983 1602 5071 quantum
1628 4960 1686 5044 illi
1708 4960 1777 5046 dat
1797 4964 1888 5073 plus
1906 4964 2049 5080 gloriae
2071 4992 2148 5076 per
2168 4990 2264 5077 gra-

717 5104 745 5159 n·
769 5079 897 5179 tiam,
926 5079 992 5189 qui
1011 5106 1088 5159 non
1110 5081 1242 5163 meruit
1269 5081 1415 5163 tuntum
1433 5080 1569 5189 glorie
1587 5137 1601 5179 ‚
1622 5082 1736 5187 qudm
1765 5080 1827 5163 illi
1839 5141 1854 5183 ‚
1884 5086 1950 5194 qui
1979 5087 2114 5169 meruit
2130 5084 2267 5192 -plus5
2351 5128 2356 5133 -

717 5230 746 5274 n
771 5194 882 5305 quod
897 5196 954 5282 est
980 5192 1221 5307 impoffibile
1245 5222 1351 5306 :per
1369 5224 1490 5306 quam
1512 5190 1826 5307 inequalitatem
1841 5202 1900 5285 est
1921 5200 2265 5303 demonstratum,
