5150 6667
651 621 658 639 “
736 625 819 762 236
938 638 1260 740 arrunte.
1299 638 1528 726 Luat.
1557 639 1701 728 ron,
1731 641 1837 730 111.
1872 638 2033 734 nm.
2060 647 2096 736 1.

730 829 757 874 o
783 788 853 900 qui
872 787 992 895 super
1014 781 1150 868 omnia
1171 782 1259 882 est,
1283 781 1434 867 meruit
1460 781 1627 867 excitari
1644 844 1658 885 ,
1677 782 1822 900 dignus
1839 779 1995 890 (forte
2017 787 2207 904 dignius)
2235 791 2278 877 tc

473 890 487 915 '
665 996 670 1009 ,
728 952 758 994 n
784 907 837 993 ad
867 903 1034 1003 omnia,
1057 929 1146 1011 quae
1168 898 1331 1002 voluit,
1355 900 1534 985 subtilius
1558 905 1600 987 δι
1622 902 1827 990 efficacius
1842 899 1943 1015 puto
1965 903 2047 992 effe
2065 907 2188 1017 quim
2203 904 2279 994 smt

729 1069 759 1142 η
784 1025 934 1136 aliqui,
958 1051 1040 1106 non
1065 1020 1195 1104 solum
1216 1016 1430 1104 inferiores
1448 1018 1730 1128 spiritus,·sed
1750 1028 1951 1109 &omnes
1966 1024 2047 1127 illi,
2066 1025 2279 1136 quicoelo-

730 1189 758 1230 n
783 1173 875 1230 rum
895 1142 1060 1227 nomine
1084 1156 1325 1223 meruerunt
1347 1138 1577 1244 appellari·
1806 1227 1809 1232 ,

791 1257 987 1348 XXXVI.
1018 1257 1163 1344 Postea
1184 1255 1317 1356 dicit,
1346 1252 1493 1337 ditium
1514 1275 1699 1347 naturam
1721 1314 1735 1358 ,
1757 1256 1910 1342 nedum
1932 1255 2159 1346 elevatione
2184 1283 2279 1350 eor-

686 1399 689 1404 '
731 1381 865 1496 parali
886 1368 1085 1464 elevatam
1107 1377 1226 1484 super
1249 1373 1404 1470 coelos,
1426 1370 1495 1457 sed
1517 1373 1642 1458 etiam
1655 1374 1710 1458 ita
1725 1435 1739 1475 ,
1755 1400 1798 1459 ur
1816 1379 2001 1486 dignitate
2022 1439 2037 1481 ,
2058 1380 2216 1489 giorid,
2240 1379 2281 1468 dr

723 1501 939 1616 potestate,
966 1493 1081 1606 fitper
1113 1493 1241 1577 omnia
1266 1488 1434 1596 caelestia
1465 1491 1642 1575 credatur
1665 1492 1881 1605 glorrflcutu
1913 1555 1927 1596 ,
1962 1501 2004 1580 ἀ
2043 1491 2279 1584 immediati

553 1611 570 1711 J
732 1617 897 1706 subdit:
917 1657 943 1698 tt
961 1615 1053 1698 Nec
1077 1633 1214 1696 tamen
1233 1628 1418 1692 naturam
1431 1609 1617 1720 corporis
1639 1609 1855 1697 Dominici
1873 1612 2118 1724 ubiquaeffe
2132 1617 2282 1718 ereda,

639 1827 643 1839 ,
731 1779 760 1822 η
787 1735 880 1849 quia
898 1759 974 1820 nec
998 1757 1101 1839 opus
1125 1729 1213 1828 est,
1237 1722 1312 1811 nist
1332 1725 1404 1811 ubi
1423 1726 1540 1827 vult,
1564 1733 1605 1812 dt
1631 1725 1717 1812 'nist
1741 1725 1838 1814 fidei
1872 1734 1988 1816 certo
2016 1734 2282 1822 sacramenta

571 1846 575 1854 ’
732 1899 760 1940 n
786 1857 865 1940 hoc
889 1869 1083 1963 operatur
1100 1907 1115 1948 ,
1132 1846 1183 1931 ad
1205 1843 1316 1956 quod
1338 1839 1536 1953 assumpta
1556 1847 1614 1930 est
1633 1851 1676 1930 ἃ
1697 1844 1955 1960 glorificata,
1979 1851 2185 1964 Mysteriis
2207 1854 2282 1939 sci·

733 2017 762 2058 22
787 1975 886 2058 licet
898 1966 1344 2055 salvationishumanae.
1361 2023 1371 2044 .
1447 1963 1515 2048 Sic
1530 1965 1646 2048 enim
1665 1968 1820 2051 constat
1841 1967 1884 2052 in
1902 1965 2187 2056 diverfis-locis
2199 1972 2282 2056 und

649 2087 653 2096 ⁴
732 2134 761 2176 η
786 2091 899 2177 horae
922 2085 1136 2171 momento
1160 2080 1241 2168 effe
1264 2076 1377 2193 posse
1400 2107 1552 2192 tomus
1574 2081 1758 2186 Christi,
1780 2083 1850 2170 sed
1871 2087 1961 2200 lege
1984 2089 2193 2174 creatricis
2211 2119 2282 2191 nef

730 2251 763 2296 υ
786 2229 920 2309 turae,
943 2233 1027 2291 non
1053 2220 1198 2289 creatae
1217 2262 1231 2303 ,
1248 2202 1343 2285 oum
1357 2220 1494 2284 autem
1513 2221 1659 2285 creatae
1676 2223 1828 2287 naturae
1846 2217 1988 2290 natura
2009 2203 2060 2296 fit
2076 2208 2281 2294 creatricis

734 2369 763 2414 n
787 2347 941 2414 naturae
965 2324 1122 2437 legibus
1142 2319 1309 2405 obedire
1333 2349 1343 2400 τ
1367 2314 1398 2401 sr
1420 2317 1635 2429 aliquando
1658 2325 1741 2406 asta
1763 2323 1830 2406 sua
1850 2323 2088 2439 resolvenda
2109 2325 2169 2416 itti
2186 2355 2279 2437 per*-

666 2483 678 2499 ·
735 2489 764 2531 η
790 2444 919 2530 mittit
939 2501 953 2545 ,
975 2441 1047 2552 qui
1061 2468 1108 2525 ea
1130 2438 1313 2524 instituit·
1330 2439 1372 2521 &
1400 2434 1562 2521 ordinat
1583 2439 1713 2539 ,non
1745 2438 1868 2527 debet
1888 2442 2021 2528 videri
2041 2471 2209 2546 errare,
2242 2450 2282 2532 ἀ

658 2670 659 2673 p
738 2608 765 2650 n
791 2561 953 2649 deviare
976 2561 1024 2644 ab
1045 2557 1188 2644 ordine
1208 2559 1279 2641 suo
1294 2615 1309 2665 ,
1324 2553 1498 2648 maxime
1513 2557 1665 2658 etiam,
1689 2561 1731 2643 δι
1746 2545 1815 2643 ssla
1837 2577 2006 2673 narina·
2024 2590 2114 2674 quae
2132 2563 2175 2646 in
2193 2564 2283 2648 uni.

735 2727 763 2769 „
788 2703 872 2768 tate
892 2699 1045 2766 naturae
1061 2676 1090 2782 '(
1107 2671 1311 2786 Perfhnae,
1332 2673 1379 2757 ut
1396 2670 1502 2757 infra
1518 2675 1721 2786 explicat,
1741 2682 1784 2761 u
1803 2673 1858 2763 fic
1874 2678 2282 2792 meudun-irrepsrffe

681 2881 687 2903 ,
734 2845 764 2889 o
787 2799 984 2909 videtur)
1007 2795 1220 2902 conjuncta
1237 2795 1294 2878 est
1312 2791 1370 2876 illi
1389 2790 1564 2894 Verbo,
1580 2821 1665 2904 ¹per
1684 2793 1796 2906 quod
1811 2793 1913 2908 faita
1933 2799 1992 2883 est
2013 2799 2149 2884 omnis
2172 2806 2286 2886 crea-

625 2997 630 3008 .
735 2964 764 3006 n
789 2940 879 3006 tura
896 2979 911 3020 ,
927 2922 969 3002 &
991 2942 1068 3027 per
1089 2911 1201 3024 quod
1223 2941 1308 2997 non
1330 2905 1464 3020 poffet
1485 2911 1635 2996 amodo
1658 2911 2003 3024 effe,nifr,s1cut
2033 2917 2135 3002 dicit
2152 2919 2284 3003 Evan-

735 3083 765 3126 υ
788 3037 958 3154 gelista,
977 3034 1019 3118 in
1037 3033 1123 3143 ipso
1146 3031 1230 3116 vita
1253 3025 1366 3114 effet.
1396 3027 1464 3111 Sic
1484 3030 1713 3142 cogitemus
1734 3031 1843 3116 illam
1865 3054 2019 3118 naturae
2039 3034 2276 3146 (Persona)

522 3235 529 3270 ἑ
609 3173 616 3188 ·
646 3189 651 3198 ·
708 3191 765 3244 η,
789 3157 1015 3254 unitatem,
1038 3153 1148 3261 qua,
1170 3145 1267 3236 licet
1283 3147 1402 3233 Deus
1421 3142 1470 3229 fit
1491 3149 1533 3230 &
1556 3146 1702 3251 homo,
1718 3180 1799 3236 non
1815 3149 1898 3236 duo
1917 3168 2082 3257 tamen,
2097 3150 2282 3238 sedunus

737 3322 766 3364 η
790 3278 848 3363 est
869 3273 1086 3370 Christus,
1114 3265 1336 3353 secundum
1358 3293 1478 3375 quam
1500 3263 1584 3375 ipse
1611 3267 1849 3354 Dominus:
1871 3300 2007 3372 nemo,
2029 3274 2163 3384 inquit
2185 3332 2198 3375 ,
2220 3271 2286 3384 as-

584 3401 596 3422 '
730 3417 765 3481 Α,
789 3393 916 3478 cendit
936 3393 976 3472 in
1002 3387 1165 3486 cuium,
1191 3384 1265 3489 nifi
1285 3384 1380 3496 quid
1399 3381 1588 3493 descendit
1611 3388 1658 3469 de
1675 3389 1799 3488 cralo,
1823 3387 1937 3492 &de
1955 3401 2032 3497 qua
2043 3392 2285 3499 Apostolus:
2342 3404 2358 3418 ‘

738 3556 766 3599 n
791 3513 862 3610 Si,
881 3506 1040 3617 inquit,
1066 3501 1346 3616 cognovrffent,
1373 3529 1566 3610 nunquam
1586 3505 1791 3588 Dominum
1824 3506 1962 3590 Gloria
1981 3507 2285 3620 crucfixt'fflnu

738 3675 766 3719 υ
791 3629 888 3713 cum
916 3626 1042 3710 homo
1064 3620 1247 3706 Christus
1275 3638 1472 3728 quantum
1491 3615 1533 3700 in
1559 3618 1638 3704 suae
1661 3623 1912 3732 proprietate
1934 3644 2085 3709 natura
2108 3685 2122 3726 ,
2153 3624 2197 3708 irl
2226 3626 2285 3710 est

739 3793 767 3835 n
792 3747 1005 3844 humanae,
1031 3760 1124 3825 ante
1144 3760 1394 3848 conceptum
1419 3733 1598 3847 Virginis
1627 3769 1710 3826 non
1736 3741 1888 3843 fiterit,
1917 3769 1991 3827 nec
2016 3743 2058 3827 in
2081 3743 2160 3828 suae
2184 3771 2284 3853 pro—
2454 3760 2477 3789 ³

739 3913 767 3954 η
792 3866 965 3976 prietate
989 3880 1140 3944 naturae
1163 3857 1396 3940 Dominum
1416 3852 1557 3966 gloriae
1584 3854 1769 3972 crucifigi
1792 3861 2010 3968 poffibile:
2041 3858 2289 3973 srinquanr,

741 4029 768 4074 o
792 3987 891 4067 tanc
912 3978 1088 4090 Persona
1102 3978 1307 4086 cogitemus
1327 3978 1535 4092 unitatem..
1557 3977 1913 4087 participationem
1935 3979 2119 4066 humana
2133 3995 2288 4066 namra

740 4147 768 4189 tt
794 4129 891 4186 curn
910 4101 1037 4196 Deo,
1059 4099 1102 4179 δι
1119 4095 1161 4178 in
1184 4092 1318 4195 coelo,
1344 4090 1591 4193 deitatem,
1612 4097 1806 4208 &ubique
1824 4156 1839 4197 ,
1857 4091 2289 4207 etiamante-concep-

741 4267 769 4308 „
793 4239 884 4305 tum
905 4211 1119 4328 Virginis,
1145 4209 1186 4298 Cr
1196 4210 1314 4326 ΜΞ
1336 4272 1350 4313 ,
1375 4209 1511 4324 &effi
1519 4210 1726 4297 credendus
1746 4215 1799 4322 esi
1821 4217 1932 4301 nomo
1958 4215 2164 4326 Chrfflusr
2186 4243 2287 4328 que·

742 4385 770 4426 n
795 4333 1061 4422 madmodum
1071 4328 1291 4427 secundum
1301 4328 1657 4441 participationem
1667 4329 1813 4415 divinae
1824 4362 1920 4419 cum
1931 4335 2099 4422 homine
2113 4355 2287 4435 nanuae,

734 4503 770 4546 η
795 4453 943 4567 procul
961 4451 1086 4537 dubio
1099 4449 1309 4534 Dominus
1323 4449 1475 4534 Gloriae
1490 4445 1718 4533 credendus
1733 4449 2035 4539 estcrucifixus.
2053 4451 2289 4539 Secundum

742 4584 771 4666 'o
795 4574 898 4660 hanc
921 4571 1032 4658 enim
1052 4589 1207 4656 natura
1230 4565 1476 4678 (Persona)
1507 4565 1734 4669 mitatem,
1756 4570 1845 4654 un'd
1857 4571 2070 4658 moment&
2102 4571 2287 4657 Christus

742 4740 771 4784 η
795 4691 1039 4791 Dominus,
1064 4692 1106 4774 ἀ
1132 4686 1173 4771 in
1197 4685 1411 4798 sepulchro
1434 4683 1622 4796 quievit,
1644 4691 1690 4771 δι’
1708 4689 1749 4770 in
1763 4690 1904 4792 coelo,
1926 4695 1968 4776 u
1988 4691 2041 4774 'in‘
2073 4701 2218 4791 terra,
2247 4692 2288 4774 ἀ

742 4859 771 4906 o
794 4812 945 4924 ubique
971 4807 1084 4902 fuit;
1112 4806 1182 4892 sed
1200 4802 1422 4892 secundum
1437 4804 1637 4890 unitatem
1660 4805 1785 4891 solam
1808 4806 1959 4894 edder‘n
1982 4809 2183 4920 temporis
2201 4834 2290 4892 mo-

743 4979 771 5022 „
796 4929 940 5018 mento
958 4930 1000 5015 in
1022 4925 1237 5037 sepulchro
1260 4923 1416 5034 quievit
1432 4920 1530 5027 ,sed
1548 4923 1722 5010 incarne
1737 4925 1819 5013 sola
1839 4987 1854 5030 ,
1874 4927 2023 5014 eddem
2041 4947 2230 5039 tempore
2248 4925 2290 5009 in

744 5093 774 5140 o
799 5047 961 5136 inferno
995 5063 1083 5131 erat
1104 5043 1196 5127 suos
1218 5041 1420 5151 liberans,
1451 5041 1522 5127 sed
1552 5044 1685 5128 anima
1712 5045 1794 5129 sola
1820 5043 2006 5132 :eodem
2023 5060 2215 5156 tempore
2250 5043 2292 5127 in

746 5209 774 5254 n
798 5168 905 5254 coelo
928 5163 981 5250 ad
1012 5161 1222 5248 dexteram
1239 5159 1373 5256 Patris
1395 5160 1590 5261 sedebat,
1617 5161 1754 5246 sedin
1773 5162 1943 5250 Deitate
1963 5165 2057 5250 sola.
2090 5165 2157 5250 'Et
2184 5159 2216 5248 sr
2239 5161 2292 5247 de

393 5337 397 5344 -
565 5381 569 5390 ¹
745 5324 775 5367 a
798 5283 983 5394 quolibet
1002 5284 1152 5370 horum
1170 5281 1454 5391 requiramus,
1481 5270 1944 5370 Ciuistum'Dominum
1969 5281 2089 5396 plane
2117 5283 2291 5394 respon-
