<?xml version="1.0" encoding="UTF-8"?>
<!DOCTYPE html PUBLIC "-//W3C//DTD XHTML 1.0 Transitional//EN"
    "http://www.w3.org/TR/xhtml1/DTD/xhtml1-transitional.dtd">
<html xmlns="http://www.w3.org/1999/xhtml" xml:lang="en" lang="en">
 <head>
  <title>
</title>
<meta http-equiv="Content-Type" content="text/html;charset=utf-8" />
  <meta name='ocr-system' content='tesseract 3.04.00' />
  <meta name='ocr-capabilities' content='ocr_page ocr_carea ocr_par ocr_line ocrx_word'/>
</head>
<body>
  <div class='ocr_page' id='page_1' title='image "./vindiciaelullia00pasqgoog_0055.png"; bbox 0 0 5150 6667; ppageno 0'>
   <div class='ocr_carea' id='block_1_1' title="bbox 540 592 2277 763">
    <p class='ocr_par' dir='ltr' id='par_1_1' title="bbox 540 592 2277 763">
     <span class='ocr_line' id='line_1_1' title="bbox 540 592 2277 763; baseline 0.002 -18"><span class='ocrx_word' id='word_1_1' title='bbox 540 592 544 599; x_wconf 49' lang='lat'>&#39;</span> <span class='ocrx_word' id='word_1_2' title='bbox 657 605 813 763; x_wconf 60' lang='lat' dir='ltr'>»u</span> <span class='ocrx_word' id='word_1_3' title='bbox 900 620 1242 745; x_wconf 75' lang='lat' dir='ltr'>trunto.</span> <span class='ocrx_word' id='word_1_4' title='bbox 1300 614 2193 745; x_wconf 64' lang='lat' dir='ltr'>n·unn.r0n.111.o1sa;1..</span> <span class='ocrx_word' id='word_1_5' title='bbox 2272 744 2277 749; x_wconf 79' lang='grc'><strong>,</strong></span> 
     </span>
    </p>
   </div>
   <div class='ocr_carea' id='block_1_2' title="bbox 529 788 2458 5350">
    <p class='ocr_par' dir='ltr' id='par_1_2' title="bbox 658 788 2365 2897">
     <span class='ocr_line' id='line_1_2' title="bbox 755 788 2297 909; baseline 0 -28"><span class='ocrx_word' id='word_1_6' title='bbox 755 806 796 881; x_wconf 85' lang='grc'>6.</span> <span class='ocrx_word' id='word_1_7' title='bbox 815 826 904 909; x_wconf 90' lang='lat' dir='ltr'>cap.</span> <span class='ocrx_word' id='word_1_8' title='bbox 934 827 998 881; x_wconf 89' lang='lat'>10.</span> <span class='ocrx_word' id='word_1_9' title='bbox 1017 799 1040 879; x_wconf 79' lang='grc'><strong>1</strong></span> <span class='ocrx_word' id='word_1_10' title='bbox 1058 825 1169 881; x_wconf 88' lang='lat' dir='ltr'>num.</span> <span class='ocrx_word' id='word_1_11' title='bbox 1195 823 1230 878; x_wconf 89' lang='lat'>1.</span> <span class='ocrx_word' id='word_1_12' title='bbox 1253 788 1309 879; x_wconf 88' lang='lat' dir='ltr'>fic</span> <span class='ocrx_word' id='word_1_13' title='bbox 1331 792 1469 877; x_wconf 78' lang='lat' dir='ltr'>scribit</span> <span class='ocrx_word' id='word_1_14' title='bbox 1497 825 1510 875; x_wconf 92' lang='lat'>.·</span> <span class='ocrx_word' id='word_1_15' title='bbox 1538 818 1566 861; x_wconf 74' lang='lat' dir='ltr'>u</span> <span class='ocrx_word' id='word_1_16' title='bbox 1582 790 1649 876; x_wconf 87' lang='lat' dir='ltr'>Ad</span> <span class='ocrx_word' id='word_1_17' title='bbox 1675 814 1750 892; x_wconf 83' lang='lat' dir='ltr'>ea,</span> <span class='ocrx_word' id='word_1_18' title='bbox 1782 818 1871 901; x_wconf 83' lang='lat' dir='ltr'>quae</span> <span class='ocrx_word' id='word_1_19' title='bbox 1894 788 1945 877; x_wconf 90' lang='lat' dir='ltr'>de</span> <span class='ocrx_word' id='word_1_20' title='bbox 1969 791 2187 902; x_wconf 86' lang='lat' dir='ltr'>sapientia,</span> <span class='ocrx_word' id='word_1_21' title='bbox 2216 812 2297 881; x_wconf 74' lang='lat' dir='ltr'>vo·&#39;</span> 
     </span>
     <span class='ocr_line' id='line_1_3' title="bbox 751 908 2297 1026; baseline -0.001 -30"><span class='ocrx_word' id='word_1_22' title='bbox 751 956 778 997; x_wconf 77' lang='lat' dir='ltr'>n</span> <span class='ocrx_word' id='word_1_23' title='bbox 803 916 956 1026; x_wconf 77' lang='lat' dir='ltr'>luptate</span> <span class='ocrx_word' id='word_1_24' title='bbox 971 972 985 1013; x_wconf 96' lang='lat'>,</span> <span class='ocrx_word' id='word_1_25' title='bbox 1003 913 1260 1022; x_wconf 80' lang='lat' dir='ltr'>caeterisque,</span> <span class='ocrx_word' id='word_1_26' title='bbox 1275 938 1364 1020; x_wconf 76' lang='lat' dir='ltr'>quae</span> <span class='ocrx_word' id='word_1_27' title='bbox 1377 908 1559 1022; x_wconf 89' lang='lat' dir='ltr'>personis</span> <span class='ocrx_word' id='word_1_28' title='bbox 1577 909 1809 1009; x_wconf 78' lang='lat' dir='ltr'>communia</span> <span class='ocrx_word' id='word_1_29' title='bbox 1830 909 1920 993; x_wconf 90' lang='lat' dir='ltr'>sunt</span> <span class='ocrx_word' id='word_1_30' title='bbox 1942 910 2072 1007; x_wconf 80' lang='lat' dir='ltr'>tribus</span> <span class='ocrx_word' id='word_1_31' title='bbox 2090 971 2104 1012; x_wconf 96' lang='lat'>,</span> <span class='ocrx_word' id='word_1_32' title='bbox 2125 913 2297 1021; x_wconf 83' lang='lat' dir='ltr'>exposui</span> 
     </span>
     <span class='ocr_line' id='line_1_4' title="bbox 751 1022 2331 1138; baseline -0.003 -21"><span class='ocrx_word' id='word_1_33' title='bbox 751 1074 779 1117; x_wconf 80' lang='lat' dir='ltr'>n</span> <span class='ocrx_word' id='word_1_34' title='bbox 798 1033 845 1115; x_wconf 91' lang='lat' dir='ltr'>in</span> <span class='ocrx_word' id='word_1_35' title='bbox 868 1030 1200 1117; x_wconf 56' lang='lat' dir='ltr'>*incedentibus</span> <span class='ocrx_word' id='word_1_36' title='bbox 1221 1025 1382 1137; x_wconf 80' lang='lat' dir='ltr'>duobus</span> <span class='ocrx_word' id='word_1_37' title='bbox 1408 1026 1608 1137; x_wconf 73' lang='lat' dir='ltr'>capitibus</span> <span class='ocrx_word' id='word_1_38' title='bbox 1644 1022 1819 1109; x_wconf 75' lang='lat' dir='ltr'>multum</span> <span class='ocrx_word' id='word_1_39' title='bbox 1848 1024 2056 1111; x_wconf 83' lang='lat' dir='ltr'>conducet</span> <span class='ocrx_word' id='word_1_40' title='bbox 2088 1030 2297 1138; x_wconf 84' lang='lat' dir='ltr'>praesentis</span> <span class='ocrx_word' id='word_1_41' title='bbox 2328 1075 2331 1079; x_wconf 94' lang='lat'>·</span> 
     </span>
     <span class='ocr_line' id='line_1_5' title="bbox 752 1141 2297 1258; baseline -0.001 -25"><span class='ocrx_word' id='word_1_42' title='bbox 752 1190 780 1233; x_wconf 80' lang='lat' dir='ltr'>n</span> <span class='ocrx_word' id='word_1_43' title='bbox 806 1148 1049 1258; x_wconf 81' lang='lat' dir='ltr'>disputatio,</span> <span class='ocrx_word' id='word_1_44' title='bbox 1072 1147 1113 1231; x_wconf 91' lang='lat' dir='ltr'>in</span> <span class='ocrx_word' id='word_1_45' title='bbox 1136 1173 1215 1255; x_wconf 87' lang='lat' dir='ltr'>qua</span> <span class='ocrx_word' id='word_1_46' title='bbox 1227 1145 1358 1230; x_wconf 84' lang='lat' dir='ltr'>sensus</span> <span class='ocrx_word' id='word_1_47' title='bbox 1372 1172 1517 1228; x_wconf 87' lang='lat' dir='ltr'>eorum</span> <span class='ocrx_word' id='word_1_48' title='bbox 1540 1142 1783 1251; x_wconf 83' lang='lat' dir='ltr'>inquiritur,</span> <span class='ocrx_word' id='word_1_49' title='bbox 1804 1168 1895 1250; x_wconf 81' lang='lat' dir='ltr'>quat</span> <span class='ocrx_word' id='word_1_50' title='bbox 1912 1141 1965 1227; x_wconf 84' lang='lat' dir='ltr'>ab&#39;</span> <span class='ocrx_word' id='word_1_51' title='bbox 1980 1142 2168 1255; x_wconf 85' lang='lat' dir='ltr'>Antiquis</span> <span class='ocrx_word' id='word_1_52' title='bbox 2189 1144 2297 1245; x_wconf 72' lang='lat' dir='ltr'>bend</span> 
     </span>
     <span class='ocr_line' id='line_1_6' title="bbox 752 1254 2297 1381; baseline -0.008 -32"><span class='ocrx_word' id='word_1_53' title='bbox 752 1308 780 1350; x_wconf 74' lang='lat' dir='ltr'>n</span> <span class='ocrx_word' id='word_1_54' title='bbox 806 1266 943 1381; x_wconf 58' lang='lat' dir='ltr'>multis</span> <span class='ocrx_word' id='word_1_55' title='bbox 967 1267 1153 1374; x_wconf 85' lang='lat' dir='ltr'>usurpata</span> <span class='ocrx_word' id='word_1_56' title='bbox 1175 1262 1322 1347; x_wconf 88' lang='lat' dir='ltr'>scimus</span> <span class='ocrx_word' id='word_1_57' title='bbox 1345 1294 1355 1343; x_wconf 76' lang='grc' dir='ltr'><strong>ε</strong></span> <span class='ocrx_word' id='word_1_58' title='bbox 1382 1262 1491 1344; x_wconf 89' lang='lat' dir='ltr'>Nata</span> <span class='ocrx_word' id='word_1_59' title='bbox 1506 1254 1728 1368; x_wconf 77' lang='lat' dir='ltr'>fhpienria,</span> <span class='ocrx_word' id='word_1_60' title='bbox 1753 1256 1814 1342; x_wconf 81' lang='lat' dir='ltr'>vet</span> <span class='ocrx_word' id='word_1_61' title='bbox 1829 1262 1989 1368; x_wconf 82' lang='lat' dir='ltr'>genita,</span> <span class='ocrx_word' id='word_1_62' title='bbox 2013 1287 2091 1345; x_wconf 86' lang='lat' dir='ltr'>rum</span> <span class='ocrx_word' id='word_1_63' title='bbox 2113 1288 2205 1346; x_wconf 83' lang='lat' dir='ltr'>nata</span> <span class='ocrx_word' id='word_1_64' title='bbox 2222 1262 2297 1373; x_wconf 77' lang='lat' dir='ltr'>fii.</span> 
     </span>
     <span class='ocr_line' id='line_1_7' title="bbox 751 1370 2298 1492; baseline -0.001 -27"><span class='ocrx_word' id='word_1_65' title='bbox 751 1425 781 1468; x_wconf 69' lang='grc' dir='ltr'><strong>υ</strong></span> <span class='ocrx_word' id='word_1_66' title='bbox 798 1384 945 1492; x_wconf 86' lang='lat' dir='ltr'>pientia</span> <span class='ocrx_word' id='word_1_67' title='bbox 967 1383 1012 1466; x_wconf 84' lang='lat' dir='ltr'>de</span> <span class='ocrx_word' id='word_1_68' title='bbox 1026 1378 1217 1490; x_wconf 72' lang='lat' dir='ltr'>stipientia</span> <span class='ocrx_word' id='word_1_69' title='bbox 1232 1372 1337 1479; x_wconf 65' lang='lat' dir='ltr'>,Qut</span> <span class='ocrx_word' id='word_1_70' title='bbox 1359 1370 1628 1487; x_wconf 75' lang='lat' dir='ltr'>fintpliciter}</span> <span class='ocrx_word' id='word_1_71' title='bbox 1650 1376 1845 1483; x_wconf 83' lang='lat' dir='ltr'>Sapientia</span> <span class='ocrx_word' id='word_1_72' title='bbox 1864 1375 1910 1456; x_wconf 87' lang='lat' dir='ltr'>de</span> <span class='ocrx_word' id='word_1_73' title='bbox 1923 1374 2150 1486; x_wconf 75' lang='lat' dir='ltr'>fhpientia&#39;,</span> <span class='ocrx_word' id='word_1_74' title='bbox 2170 1380 2298 1465; x_wconf 60' lang='lat' dir='ltr'>umen</span> 
     </span>
     <span class='ocr_line' id='line_1_8' title="bbox 742 1491 2296 1611; baseline -0.003 -28"><span class='ocrx_word' id='word_1_75' title='bbox 742 1542 782 1583; x_wconf 68' lang='lat' dir='ltr'>n</span> <span class='ocrx_word' id='word_1_76' title='bbox 805 1501 1041 1598; x_wconf 85' lang='lat' dir='ltr'>delumine,</span> <span class='ocrx_word' id='word_1_77' title='bbox 1061 1498 1121 1581; x_wconf 86' lang='lat' dir='ltr'>vel</span> <span class='ocrx_word' id='word_1_78' title='bbox 1142 1494 1292 1610; x_wconf 80' lang='lat' dir='ltr'>effemia</span> <span class='ocrx_word' id='word_1_79' title='bbox 1307 1496 1352 1578; x_wconf 87' lang='lat' dir='ltr'>de</span> <span class='ocrx_word' id='word_1_80' title='bbox 1366 1494 1530 1610; x_wconf 74' lang='lat' dir='ltr'>efflntia.</span> <span class='ocrx_word' id='word_1_81' title='bbox 1556 1492 1623 1577; x_wconf 92' lang='lat' dir='ltr'>Sic</span> <span class='ocrx_word' id='word_1_82' title='bbox 1638 1494 1749 1579; x_wconf 88' lang='lat' dir='ltr'>enim</span> <span class='ocrx_word' id='word_1_83' title='bbox 1769 1491 1931 1611; x_wconf 83' lang='lat' dir='ltr'>Martyr</span> <span class='ocrx_word' id='word_1_84' title='bbox 1963 1493 2144 1607; x_wconf 80' lang='lat' dir='ltr'>Ignatius</span> <span class='ocrx_word' id='word_1_85' title='bbox 2166 1497 2296 1607; x_wconf 85' lang='lat' dir='ltr'>Epist.</span> 
     </span>
     <span class='ocr_line' id='line_1_9' title="bbox 754 1595 2300 1730; baseline -0.001 -30"><span class='ocrx_word' id='word_1_86' title='bbox 754 1656 782 1700; x_wconf 81' lang='lat' dir='ltr'>n</span> <span class='ocrx_word' id='word_1_87' title='bbox 812 1642 848 1727; x_wconf 82' lang='lat'>3.</span> <span class='ocrx_word' id='word_1_88' title='bbox 871 1616 1074 1730; x_wconf 69' lang='lat' dir='ltr'>Effintiam</span> <span class='ocrx_word' id='word_1_89' title='bbox 1092 1613 1177 1723; x_wconf 85' lang='lat' dir='ltr'>five</span> <span class='ocrx_word' id='word_1_90' title='bbox 1191 1610 1439 1722; x_wconf 81' lang='lat' dir='ltr'>fitbstantiam</span> <span class='ocrx_word' id='word_1_91' title='bbox 1461 1610 1627 1719; x_wconf 78' lang='lat' dir='ltr'>genitam</span> <span class='ocrx_word' id='word_1_92' title='bbox 1650 1637 1826 1694; x_wconf 82' lang='lat' dir='ltr'>natamve</span> <span class='ocrx_word' id='word_1_93' title='bbox 1850 1595 1953 1692; x_wconf 85' lang='lat' dir='ltr'>dixit</span> <span class='ocrx_word' id='word_1_94' title='bbox 1974 1642 1986 1704; x_wconf 77' lang='lat'>3</span> <span class='ocrx_word' id='word_1_95' title='bbox 2010 1616 2052 1696; x_wconf 74' lang='grc' dir='ltr'>ἀ</span> <span class='ocrx_word' id='word_1_96' title='bbox 2075 1611 2300 1726; x_wconf 77' lang='lat' dir='ltr'>Gregorius</span> 
     </span>
     <span class='ocr_line' id='line_1_10' title="bbox 755 1723 2299 1871; baseline -0.003 -53"><span class='ocrx_word' id='word_1_97' title='bbox 755 1776 783 1817; x_wconf 78' lang='lat' dir='ltr'>n</span> <span class='ocrx_word' id='word_1_98' title='bbox 808 1732 1015 1846; x_wconf 80' lang='lat' dir='ltr'>Nyss&#39;enus</span> <span class='ocrx_word' id='word_1_99' title='bbox 1033 1732 1311 1871; x_wconf 62' lang='lat' dir='ltr'>generationem</span> <span class='ocrx_word' id='word_1_100' title='bbox 1323 1723 1493 1843; x_wconf 73' lang='lat' dir='ltr'>&#39;effantioe</span> <span class='ocrx_word' id='word_1_101' title='bbox 1516 1728 1727 1834; x_wconf 78' lang='lat' dir='ltr'>probavit:</span> <span class='ocrx_word' id='word_1_102' title='bbox 1755 1725 1961 1827; x_wconf 80' lang='lat' dir='ltr'>Hilarius,</span> <span class='ocrx_word' id='word_1_103' title='bbox 1982 1754 2128 1815; x_wconf 83' lang='lat' dir='ltr'>nantra</span> <span class='ocrx_word' id='word_1_104' title='bbox 2151 1760 2201 1815; x_wconf 83' lang='lat' dir='ltr'>ex</span> <span class='ocrx_word' id='word_1_105' title='bbox 2221 1762 2299 1815; x_wconf 91' lang='lat' dir='ltr'>na·</span> 
     </span>
     <span class='ocr_line' id='line_1_11' title="bbox 756 1842 2299 1960; baseline -0.001 -27"><span class='ocrx_word' id='word_1_106' title='bbox 756 1892 783 1933; x_wconf 80' lang='lat' dir='ltr'>n</span> <span class='ocrx_word' id='word_1_107' title='bbox 808 1877 893 1939; x_wconf 80' lang='lat' dir='ltr'>tura</span> <span class='ocrx_word' id='word_1_108' title='bbox 910 1852 1092 1960; x_wconf 68' lang='lat' dir='ltr'>gignentt</span> <span class='ocrx_word' id='word_1_109' title='bbox 1108 1847 1371 1944; x_wconf 80' lang='lat' dir='ltr'>nativitatem,</span> <span class='ocrx_word' id='word_1_110' title='bbox 1398 1872 1474 1927; x_wconf 91' lang='lat' dir='ltr'>nec</span> <span class='ocrx_word' id='word_1_111' title='bbox 1497 1872 1579 1927; x_wconf 89' lang='lat' dir='ltr'>non</span> <span class='ocrx_word' id='word_1_112' title='bbox 1601 1843 1761 1958; x_wconf 81' lang='lat' dir='ltr'>effentioe</span> <span class='ocrx_word' id='word_1_113' title='bbox 1782 1843 1828 1925; x_wconf 86' lang='lat' dir='ltr'>de</span> <span class='ocrx_word' id='word_1_114' title='bbox 1851 1842 2002 1957; x_wconf 78' lang='lat' dir='ltr'>effentia</span> <span class='ocrx_word' id='word_1_115' title='bbox 2021 1878 2039 1949; x_wconf 88' lang='lat'><em>;</em></span> <span class='ocrx_word' id='word_1_116' title='bbox 2063 1849 2299 1933; x_wconf 82' lang='lat' dir='ltr'>nativitatem</span> 
     </span>
     <span class='ocr_line' id='line_1_12' title="bbox 756 1958 2298 2073; baseline -0.001 -25"><span class='ocrx_word' id='word_1_117' title='bbox 756 2007 784 2052; x_wconf 76' lang='lat' dir='ltr'>n</span> <span class='ocrx_word' id='word_1_118' title='bbox 810 1965 1043 2053; x_wconf 75' lang='lat' dir='ltr'>&amp;naturam</span> <span class='ocrx_word' id='word_1_119' title='bbox 1074 1964 1333 2073; x_wconf 68' lang='lat' dir='ltr'>unigenitam,</span> <span class='ocrx_word' id='word_1_120' title='bbox 1354 1992 1404 2045; x_wconf 82' lang='lat' dir='ltr'>ex</span> <span class='ocrx_word' id='word_1_121' title='bbox 1424 1959 1638 2071; x_wconf 84' lang='lat' dir='ltr'>innascibili</span> <span class='ocrx_word' id='word_1_122' title='bbox 1658 1964 1826 2069; x_wconf 75' lang='lat' dir='ltr'>genitam</span> <span class='ocrx_word' id='word_1_123' title='bbox 1848 1958 1998 2073; x_wconf 71' lang='lat' dir='ltr'>efflatio</span> <span class='ocrx_word' id='word_1_124' title='bbox 2017 1996 2031 2044; x_wconf 91' lang='grc'>.·</span> <span class='ocrx_word' id='word_1_125' title='bbox 2051 1964 2184 2071; x_wconf 84' lang='lat' dir='ltr'>Item:</span> <span class='ocrx_word' id='word_1_126' title='bbox 2203 1966 2244 2047; x_wconf 91' lang='lat' dir='ltr'><em>V</em></span> <span class='ocrx_word' id='word_1_127' title='bbox 2241 1967 2298 2048; x_wconf 83' lang='lat' dir='ltr'>ita</span> 
     </span>
     <span class='ocr_line' id='line_1_13' title="bbox 755 2073 2362 2193; baseline -0.001 -28"><span class='ocrx_word' id='word_1_128' title='bbox 755 2124 783 2166; x_wconf 69' lang='grc' dir='ltr'><em>η</em></span> <span class='ocrx_word' id='word_1_129' title='bbox 809 2083 829 2187; x_wconf 93' lang='lat'>(</span> <span class='ocrx_word' id='word_1_130' title='bbox 848 2084 978 2193; x_wconf 92' lang='lat' dir='ltr'>inquit</span> <span class='ocrx_word' id='word_1_131' title='bbox 1000 2083 1042 2165; x_wconf 91' lang='lat' dir='ltr'>in</span> <span class='ocrx_word' id='word_1_132' title='bbox 1064 2080 1169 2191; x_wconf 86' lang='lat' dir='ltr'>libro</span> <span class='ocrx_word' id='word_1_133' title='bbox 1192 2077 1241 2163; x_wconf 92' lang='lat' dir='ltr'>de</span> <span class='ocrx_word' id='word_1_134' title='bbox 1267 2079 1444 2191; x_wconf 82' lang='lat' dir='ltr'>Synodis</span> <span class='ocrx_word' id='word_1_135' title='bbox 1463 2077 1515 2162; x_wconf 86' lang='lat' dir='ltr'>ad</span> <span class='ocrx_word' id='word_1_136' title='bbox 1535 2076 1927 2166; x_wconf 86' lang='lat' dir='ltr'>Anathematismum</span> <span class='ocrx_word' id='word_1_137' title='bbox 1947 2104 1989 2177; x_wconf 80' lang='lat'><em>4</em></span> <span class='ocrx_word' id='word_1_138' title='bbox 2012 2087 2033 2189; x_wconf 93' lang='lat'>)</span> <span class='ocrx_word' id='word_1_139' title='bbox 2055 2083 2095 2162; x_wconf 89' lang='lat' dir='ltr'>in</span> <span class='ocrx_word' id='word_1_140' title='bbox 2115 2073 2300 2192; x_wconf 78' lang='lat' dir='ltr'>Unigeni·¹</span> <span class='ocrx_word' id='word_1_141' title='bbox 2358 2160 2362 2164; x_wconf 82' lang='lat'>.</span> 
     </span>
     <span class='ocr_line' id='line_1_14' title="bbox 755 2184 2298 2311; baseline -0.001 -28"><span class='ocrx_word' id='word_1_142' title='bbox 755 2241 783 2283; x_wconf 78' lang='lat' dir='ltr'>n</span> <span class='ocrx_word' id='word_1_143' title='bbox 807 2225 844 2285; x_wconf 90' lang='lat' dir='ltr'>to</span> <span class='ocrx_word' id='word_1_144' title='bbox 862 2260 878 2300; x_wconf 95' lang='lat'>,</span> <span class='ocrx_word' id='word_1_145' title='bbox 895 2230 982 2311; x_wconf 82' lang='lat' dir='ltr'>quae</span> <span class='ocrx_word' id='word_1_146' title='bbox 1006 2228 1057 2281; x_wconf 80' lang='lat' dir='ltr'>ex</span> <span class='ocrx_word' id='word_1_147' title='bbox 1076 2199 1192 2281; x_wconf 86' lang='lat' dir='ltr'>Patre</span> <span class='ocrx_word' id='word_1_148' title='bbox 1202 2221 1391 2305; x_wconf 53' lang='lat' dir='ltr'>,anenata</span> <span class='ocrx_word' id='word_1_149' title='bbox 1413 2194 1491 2301; x_wconf 80' lang='lat' dir='ltr'>est,</span> <span class='ocrx_word' id='word_1_150' title='bbox 1521 2194 1672 2308; x_wconf 67' lang='lat' dir='ltr'>essentia</span> <span class='ocrx_word' id='word_1_151' title='bbox 1694 2184 1917 2292; x_wconf 76' lang='lat' dir='ltr'>inteltec‘ia,</span> <span class='ocrx_word' id='word_1_152' title='bbox 1945 2194 1999 2277; x_wconf 89' lang='lat' dir='ltr'>ita</span> <span class='ocrx_word' id='word_1_153' title='bbox 2012 2195 2298 2307; x_wconf 84' lang='lat' dir='ltr'>fimiiitudinem</span> 
     </span>
     <span class='ocr_line' id='line_1_15' title="bbox 755 2308 2300 2428; baseline -0.001 -29"><span class='ocrx_word' id='word_1_154' title='bbox 755 2347 827 2401; x_wconf 76' lang='lat' dir='ltr'>ne</span> <span class='ocrx_word' id='word_1_155' title='bbox 857 2318 966 2401; x_wconf 79' lang='lat' dir='ltr'>entia</span> <span class='ocrx_word' id='word_1_156' title='bbox 982 2315 1038 2399; x_wconf 84' lang='lat' dir='ltr'>ad</span> <span class='ocrx_word' id='word_1_157' title='bbox 1059 2314 1247 2428; x_wconf 80' lang='lat' dir='ltr'>effemiam</span> <span class='ocrx_word' id='word_1_158' title='bbox 1263 2312 1478 2425; x_wconf 81' lang='lat' dir='ltr'>fignificari</span> <span class='ocrx_word' id='word_1_159' title='bbox 1503 2314 1747 2397; x_wconf 67' lang='lat' dir='ltr'>connet‘iintr.</span> <span class='ocrx_word' id='word_1_160' title='bbox 1774 2308 1867 2393; x_wconf 82' lang='lat' dir='ltr'>Tali</span> <span class='ocrx_word' id='word_1_161' title='bbox 1900 2312 2120 2423; x_wconf 85' lang='lat' dir='ltr'>confeffione</span> <span class='ocrx_word' id='word_1_162' title='bbox 2139 2317 2300 2427; x_wconf 72' lang='lat' dir='ltr'>originis</span> 
     </span>
     <span class='ocr_line' id='line_1_16' title="bbox 658 2317 2300 2556; baseline -0.001 -40"><span class='ocrx_word' id='word_1_163' title='bbox 658 2468 665 2475; x_wconf 91' lang='lat'><strong>·</strong></span> <span class='ocrx_word' id='word_1_164' title='bbox 756 2475 783 2519; x_wconf 81' lang='lat' dir='ltr'>n</span> <span class='ocrx_word' id='word_1_165' title='bbox 800 2317 883 2543; x_wconf 57' lang='grc' dir='ltr'>βω</span> <span class='ocrx_word' id='word_1_166' title='bbox 900 2429 1107 2542; x_wconf 75' lang='lat' dir='ltr'>indiscreta</span> <span class='ocrx_word' id='word_1_167' title='bbox 1136 2454 1282 2515; x_wconf 76' lang='lat' dir='ltr'>natura</span> <span class='ocrx_word' id='word_1_168' title='bbox 1296 2428 1469 2539; x_wconf 73' lang='lat' dir='ltr'>perfeila</span> <span class='ocrx_word' id='word_1_169' title='bbox 1490 2431 1690 2512; x_wconf 84' lang='lat' dir='ltr'>Nativitas</span> <span class='ocrx_word' id='word_1_170' title='bbox 1709 2430 1800 2537; x_wconf 73' lang='grc' dir='ltr'>Ιιβ,</span> <span class='ocrx_word' id='word_1_171' title='bbox 1826 2427 1928 2556; x_wconf 60' lang='lat' dir='ltr'>quoq</span> <span class='ocrx_word' id='word_1_172' title='bbox 1950 2434 2049 2533; x_wconf 85' lang='lat' dir='ltr'>enim</span> <span class='ocrx_word' id='word_1_173' title='bbox 2076 2434 2115 2515; x_wconf 89' lang='lat' dir='ltr'>in</span> <span class='ocrx_word' id='word_1_174' title='bbox 2145 2460 2300 2543; x_wconf 84' lang='lat' dir='ltr'>utroque</span> 
     </span>
     <span class='ocr_line' id='line_1_17' title="bbox 756 2542 2296 2658; baseline -0.003 -23"><span class='ocrx_word' id='word_1_175' title='bbox 756 2592 783 2635; x_wconf 81' lang='lat' dir='ltr'>n</span> <span class='ocrx_word' id='word_1_176' title='bbox 807 2552 887 2644; x_wconf 66' lang='lat' dir='ltr'>nita</span> <span class='ocrx_word' id='word_1_177' title='bbox 913 2551 994 2658; x_wconf 81' lang='lat' dir='ltr'>est,</span> <span class='ocrx_word' id='word_1_178' title='bbox 1015 2549 1058 2630; x_wconf 87' lang='lat' dir='ltr'>id</span> <span class='ocrx_word' id='word_1_179' title='bbox 1076 2550 1115 2630; x_wconf 89' lang='lat' dir='ltr'>in</span> <span class='ocrx_word' id='word_1_180' title='bbox 1137 2546 1578 2657; x_wconf 76' lang='lat' dir='ltr'>utroquefignificatute</span> <span class='ocrx_word' id='word_1_181' title='bbox 1608 2548 1741 2629; x_wconf 86' lang='lat' dir='ltr'>entia:</span> <span class='ocrx_word' id='word_1_182' title='bbox 1766 2542 1807 2644; x_wconf 70' lang='grc' dir='ltr'><strong>ἃ</strong></span> <span class='ocrx_word' id='word_1_183' title='bbox 1831 2544 1910 2626; x_wconf 85' lang='lat' dir='ltr'>vita</span> <span class='ocrx_word' id='word_1_184' title='bbox 1933 2602 1947 2643; x_wconf 96' lang='lat'>,</span> <span class='ocrx_word' id='word_1_185' title='bbox 1976 2576 2060 2657; x_wconf 83' lang='lat' dir='ltr'>qaae</span> <span class='ocrx_word' id='word_1_186' title='bbox 2087 2573 2296 2657; x_wconf 82' lang='lat' dir='ltr'>generatur</span> 
     </span>
     <span class='ocr_line' id='line_1_18' title="bbox 756 2654 2365 2779; baseline -0.006 -23"><span class='ocrx_word' id='word_1_187' title='bbox 756 2708 783 2757; x_wconf 83' lang='lat' dir='ltr'>n</span> <span class='ocrx_word' id='word_1_188' title='bbox 807 2696 857 2749; x_wconf 85' lang='lat' dir='ltr'>ex</span> <span class='ocrx_word' id='word_1_189' title='bbox 878 2668 983 2764; x_wconf 87' lang='lat' dir='ltr'>vita,</span> <span class='ocrx_word' id='word_1_190' title='bbox 1009 2662 1052 2747; x_wconf 86' lang='lat' dir='ltr'>id</span> <span class='ocrx_word' id='word_1_191' title='bbox 1074 2659 1325 2779; x_wconf 78' lang='lat' dir='ltr'>esttffentia,</span> <span class='ocrx_word' id='word_1_192' title='bbox 1346 2654 1496 2775; x_wconf 76' lang='lat' dir='ltr'>quade</span> <span class='ocrx_word' id='word_1_193' title='bbox 1517 2692 1536 2745; x_wconf 88' lang='lat' dir='ltr'>e</span> <span class='ocrx_word' id='word_1_194' title='bbox 1567 2666 1666 2746; x_wconf 82' lang='lat' dir='ltr'>entid</span> <span class='ocrx_word' id='word_1_195' title='bbox 1680 2656 1844 2773; x_wconf 80' lang='lat' dir='ltr'>nascitur</span> <span class='ocrx_word' id='word_1_196' title='bbox 1865 2690 1876 2750; x_wconf 79' lang='lat'>3</span> <span class='ocrx_word' id='word_1_197' title='bbox 1900 2660 1986 2746; x_wconf 88' lang='lat' dir='ltr'>dum</span> <span class='ocrx_word' id='word_1_198' title='bbox 2008 2694 2084 2747; x_wconf 86' lang='lat' dir='ltr'>nan</span> <span class='ocrx_word' id='word_1_199' title='bbox 2101 2662 2293 2775; x_wconf 68' lang='lat' dir='ltr'>affinius</span> <span class='ocrx_word' id='word_1_200' title='bbox 2362 2760 2365 2767; x_wconf 22' lang='lat'>¹</span> 
     </span>
     <span class='ocr_line' id='line_1_19' title="bbox 755 2776 2296 2897; baseline -0.003 -30"><span class='ocrx_word' id='word_1_201' title='bbox 755 2824 783 2876; x_wconf 74' lang='lat' dir='ltr'>n</span> <span class='ocrx_word' id='word_1_202' title='bbox 805 2779 997 2891; x_wconf 85' lang='lat' dir='ltr'>nascitur,</span> <span class='ocrx_word' id='word_1_203' title='bbox 1015 2778 1188 2893; x_wconf 73' lang='lat' dir='ltr'>scilicit,</span> <span class='ocrx_word' id='word_1_204' title='bbox 1214 2784 1302 2893; x_wconf 87' lang='lat' dir='ltr'>quia</span> <span class='ocrx_word' id='word_1_205' title='bbox 1326 2784 1405 2865; x_wconf 89' lang='lat' dir='ltr'>vita</span> <span class='ocrx_word' id='word_1_206' title='bbox 1423 2838 1436 2881; x_wconf 94' lang='lat'>,</span> <span class='ocrx_word' id='word_1_207' title='bbox 1453 2809 1504 2866; x_wconf 85' lang='lat' dir='ltr'>ex</span> <span class='ocrx_word' id='word_1_208' title='bbox 1525 2783 1603 2863; x_wconf 84' lang='lat' dir='ltr'>vita</span> <span class='ocrx_word' id='word_1_209' title='bbox 1620 2780 1694 2888; x_wconf 84' lang='lat' dir='ltr'>est,</span> <span class='ocrx_word' id='word_1_210' title='bbox 1714 2776 1787 2864; x_wconf 74' lang='lat' dir='ltr'>&amp;n</span> <span class='ocrx_word' id='word_1_211' title='bbox 1816 2777 1885 2863; x_wconf 86' lang='lat' dir='ltr'>Sic</span> <span class='ocrx_word' id='word_1_212' title='bbox 1908 2776 2151 2892; x_wconf 84' lang='lat' dir='ltr'>Augustinus</span> <span class='ocrx_word' id='word_1_213' title='bbox 2171 2780 2296 2897; x_wconf 66' lang='lat' dir='ltr'>effin-</span> 
     </span>
    </p>

    <p class='ocr_par' dir='ltr' id='par_1_3' title="bbox 683 2896 2458 3710">
     <span class='ocr_line' id='line_1_20' title="bbox 683 2896 2296 3013; baseline -0.002 -32"><span class='ocrx_word' id='word_1_214' title='bbox 683 2966 686 2971; x_wconf 93' lang='lat'>.</span> <span class='ocrx_word' id='word_1_215' title='bbox 755 2941 783 2982; x_wconf 78' lang='lat' dir='ltr'>tt</span> <span class='ocrx_word' id='word_1_216' title='bbox 805 2902 897 2986; x_wconf 87' lang='lat' dir='ltr'>tiam</span> <span class='ocrx_word' id='word_1_217' title='bbox 923 2898 970 2981; x_wconf 85' lang='lat' dir='ltr'>de</span> <span class='ocrx_word' id='word_1_218' title='bbox 989 2898 1140 3011; x_wconf 77' lang='lat' dir='ltr'>offertio</span> <span class='ocrx_word' id='word_1_219' title='bbox 1158 2900 1286 2999; x_wconf 87' lang='lat' dir='ltr'>dixit,</span> <span class='ocrx_word' id='word_1_220' title='bbox 1314 2899 1610 2982; x_wconf 85' lang='lat' dir='ltr'>&amp;divinitatem</span> <span class='ocrx_word' id='word_1_221' title='bbox 1630 2897 1727 2981; x_wconf 82' lang='lat' dir='ltr'>Filii</span> <span class='ocrx_word' id='word_1_222' title='bbox 1746 2896 1791 3003; x_wconf 77' lang='lat' dir='ltr'>de</span> <span class='ocrx_word' id='word_1_223' title='bbox 1812 2918 1950 2979; x_wconf 84' lang='lat' dir='ltr'>natura</span> <span class='ocrx_word' id='word_1_224' title='bbox 1972 2898 2103 2981; x_wconf 82' lang='lat' dir='ltr'>Patris</span> <span class='ocrx_word' id='word_1_225' title='bbox 2119 2896 2190 3013; x_wconf 77' lang='lat' dir='ltr'>effe</span> <span class='ocrx_word' id='word_1_226' title='bbox 2220 2905 2296 2979; x_wconf 83' lang='lat' dir='ltr'>nit·</span> 
     </span>
     <span class='ocr_line' id='line_1_21' title="bbox 755 3009 2321 3127; baseline -0.001 -28"><span class='ocrx_word' id='word_1_227' title='bbox 755 3058 783 3099; x_wconf 72' lang='lat' dir='ltr'>n</span> <span class='ocrx_word' id='word_1_228' title='bbox 807 3038 897 3099; x_wconf 87' lang='lat' dir='ltr'>tam.</span> <span class='ocrx_word' id='word_1_229' title='bbox 926 3014 984 3099; x_wconf 93' lang='lat' dir='ltr'>Et</span> <span class='ocrx_word' id='word_1_230' title='bbox 1001 3012 1132 3114; x_wconf 64' lang='lat' dir='ltr'>alibi,</span> <span class='ocrx_word' id='word_1_231' title='bbox 1153 3016 1198 3097; x_wconf 86' lang='lat' dir='ltr'>de</span> <span class='ocrx_word' id='word_1_232' title='bbox 1213 3012 1257 3123; x_wconf 85' lang='lat' dir='ltr'>se</span> <span class='ocrx_word' id='word_1_233' title='bbox 1278 3013 1356 3124; x_wconf 72' lang='lat' dir='ltr'>ipſs&gt;</span> <span class='ocrx_word' id='word_1_234' title='bbox 1373 3014 1538 3127; x_wconf 74' lang='lat' dir='ltr'>genutffe</span> <span class='ocrx_word' id='word_1_235' title='bbox 1564 3014 1715 3098; x_wconf 83' lang='lat' dir='ltr'>Patrem</span> <span class='ocrx_word' id='word_1_236' title='bbox 1740 3012 1785 3095; x_wconf 88' lang='lat' dir='ltr'>id</span> <span class='ocrx_word' id='word_1_237' title='bbox 1803 3009 1907 3121; x_wconf 85' lang='lat' dir='ltr'>qaod</span> <span class='ocrx_word' id='word_1_238' title='bbox 1929 3014 1994 3120; x_wconf 82' lang='lat' dir='ltr'>est.</span> <span class='ocrx_word' id='word_1_239' title='bbox 2018 3012 2054 3096; x_wconf 89' lang='lat' dir='ltr'>F</span> <span class='ocrx_word' id='word_1_240' title='bbox 2057 3012 2260 3127; x_wconf 81' lang='lat' dir='ltr'>uigentius</span> <span class='ocrx_word' id='word_1_241' title='bbox 2278 3023 2321 3115; x_wconf 85' lang='grc'><strong><em>,’.·</em></strong></span> 
     </span>
     <span class='ocr_line' id='line_1_22' title="bbox 749 3125 2458 3261; baseline 0 -47"><span class='ocrx_word' id='word_1_242' title='bbox 749 3174 784 3225; x_wconf 72' lang='lat' dir='ltr'>n</span> <span class='ocrx_word' id='word_1_243' title='bbox 799 3129 1046 3240; x_wconf 81' lang='lat' dir='ltr'>fitbstantiam</span> <span class='ocrx_word' id='word_1_244' title='bbox 1077 3131 1124 3213; x_wconf 89' lang='lat' dir='ltr'>de</span> <span class='ocrx_word' id='word_1_245' title='bbox 1143 3127 1391 3239; x_wconf 80' lang='lat' dir='ltr'>fitbstantia,</span> <span class='ocrx_word' id='word_1_246' title='bbox 1420 3131 1520 3217; x_wconf 87' lang='lat' dir='ltr'>item</span> <span class='ocrx_word' id='word_1_247' title='bbox 1554 3130 1697 3215; x_wconf 82' lang='lat' dir='ltr'>Filium</span> <span class='ocrx_word' id='word_1_248' title='bbox 1727 3125 1963 3261; x_wconf 70' lang='lat' dir='ltr'>effentialiter</span> <span class='ocrx_word' id='word_1_249' title='bbox 1989 3154 2120 3213; x_wconf 84' lang='lat' dir='ltr'>natum</span> <span class='ocrx_word' id='word_1_250' title='bbox 2155 3130 2224 3248; x_wconf 79' lang='lat' dir='ltr'>effe</span> <span class='ocrx_word' id='word_1_251' title='bbox 2250 3132 2298 3214; x_wconf 85' lang='lat' dir='ltr'>de</span> <span class='ocrx_word' id='word_1_252' title='bbox 2455 3190 2458 3193; x_wconf 52' lang='lat'><strong>&gt;</strong></span> 
     </span>
     <span class='ocr_line' id='line_1_23' title="bbox 755 3243 2317 3360; baseline 0 -30"><span class='ocrx_word' id='word_1_253' title='bbox 755 3290 783 3332; x_wconf 72' lang='lat' dir='ltr'>n</span> <span class='ocrx_word' id='word_1_254' title='bbox 806 3248 951 3349; x_wconf 84' lang='lat' dir='ltr'>Patre,</span> <span class='ocrx_word' id='word_1_255' title='bbox 974 3244 1201 3360; x_wconf 76' lang='lat' dir='ltr'>&amp;quturam</span> <span class='ocrx_word' id='word_1_256' title='bbox 1212 3250 1394 3356; x_wconf 77' lang='lat' dir='ltr'>genitam.</span> <span class='ocrx_word' id='word_1_257' title='bbox 1419 3247 1571 3331; x_wconf 86' lang='lat' dir='ltr'>Idatius</span> <span class='ocrx_word' id='word_1_258' title='bbox 1588 3243 2317 3350; x_wconf 77' lang='lat' dir='ltr'>Praefuttonezlib.contraVariman·.</span> 
     </span>
     <span class='ocr_line' id='line_1_24' title="bbox 755 3361 2318 3475; baseline -0.005 -26"><span class='ocrx_word' id='word_1_259' title='bbox 755 3408 782 3449; x_wconf 75' lang='lat' dir='ltr'>n</span> <span class='ocrx_word' id='word_1_260' title='bbox 803 3363 934 3464; x_wconf 84' lang='lat' dir='ltr'>dum,</span> <span class='ocrx_word' id='word_1_261' title='bbox 958 3389 1132 3449; x_wconf 86' lang='lat' dir='ltr'>naturam</span> <span class='ocrx_word' id='word_1_262' title='bbox 1151 3365 1197 3445; x_wconf 83' lang='lat' dir='ltr'>de</span> <span class='ocrx_word' id='word_1_263' title='bbox 1211 3362 1254 3473; x_wconf 86' lang='lat' dir='ltr'>se</span> <span class='ocrx_word' id='word_1_264' title='bbox 1268 3366 1306 3448; x_wconf 88' lang='lat' dir='ltr'><em>F</em></span> <span class='ocrx_word' id='word_1_265' title='bbox 1305 3364 1410 3446; x_wconf 81' lang='lat' dir='ltr'>ilium</span> <span class='ocrx_word' id='word_1_266' title='bbox 1421 3368 1615 3473; x_wconf 80' lang='lat' dir='ltr'>genera&#39;re.</span> <span class='ocrx_word' id='word_1_267' title='bbox 1630 3362 1842 3445; x_wconf 82' lang='lat' dir='ltr'>Anselinus</span> <span class='ocrx_word' id='word_1_268' title='bbox 1861 3361 2090 3475; x_wconf 88' lang='lat' dir='ltr'>Monologii</span> <span class='ocrx_word' id='word_1_269' title='bbox 2111 3392 2199 3474; x_wconf 89' lang='lat' dir='ltr'>cap.</span> <span class='ocrx_word' id='word_1_270' title='bbox 2223 3393 2252 3465; x_wconf 81' lang='lat'>4</span> <span class='ocrx_word' id='word_1_271' title='bbox 2260 3390 2295 3475; x_wconf 83' lang='lat'>3.</span> <span class='ocrx_word' id='word_1_272' title='bbox 2313 3428 2318 3441; x_wconf 92' lang='lat'>.</span> 
     </span>
     <span class='ocr_line' id='line_1_25' title="bbox 756 3474 2299 3596; baseline 0.001 -34"><span class='ocrx_word' id='word_1_273' title='bbox 756 3522 786 3571; x_wconf 75' lang='lat' dir='ltr'>n,</span> <span class='ocrx_word' id='word_1_274' title='bbox 807 3482 955 3564; x_wconf 87' lang='lat' dir='ltr'>Natam</span> <span class='ocrx_word' id='word_1_275' title='bbox 982 3478 1168 3591; x_wconf 83' lang='lat' dir='ltr'>effentiam</span> <span class='ocrx_word' id='word_1_276' title='bbox 1189 3482 1235 3565; x_wconf 87' lang='lat' dir='ltr'>de</span> <span class='ocrx_word' id='word_1_277' title='bbox 1254 3481 1386 3564; x_wconf 84' lang='lat' dir='ltr'>Patris</span> <span class='ocrx_word' id='word_1_278' title='bbox 1405 3480 1570 3596; x_wconf 71' lang='lat' dir='ltr'>effintia.</span> <span class='ocrx_word' id='word_1_279' title='bbox 1595 3474 1830 3566; x_wconf 72' lang='lat' dir='ltr'>Athanasius</span> <span class='ocrx_word' id='word_1_280' title='bbox 1853 3504 2014 3593; x_wconf 86' lang='lat' dir='ltr'>quoque</span> <span class='ocrx_word' id='word_1_281' title='bbox 2037 3482 2233 3567; x_wconf 86' lang='lat' dir='ltr'>Oratione</span> <span class='ocrx_word' id='word_1_282' title='bbox 2262 3505 2299 3592; x_wconf 87' lang='lat'>5.</span> 
     </span>
     <span class='ocr_line' id='line_1_26' title="bbox 756 3593 2004 3710; baseline 0.001 -31"><span class='ocrx_word' id='word_1_283' title='bbox 756 3635 783 3679; x_wconf 83' lang='lat' dir='ltr'>n</span> <span class='ocrx_word' id='word_1_284' title='bbox 807 3594 1012 3710; x_wconf 76' lang='lat' dir='ltr'>Efflntiam</span> <span class='ocrx_word' id='word_1_285' title='bbox 1040 3594 1198 3710; x_wconf 70' lang='lat' dir='ltr'>efflatio</span> <span class='ocrx_word' id='word_1_286' title='bbox 1221 3593 1388 3680; x_wconf 86' lang='lat' dir='ltr'>Patrem</span> <span class='ocrx_word' id='word_1_287' title='bbox 1416 3598 1532 3682; x_wconf 85' lang='lat' dir='ltr'>dixit.</span> <span class='ocrx_word' id='word_1_288' title='bbox 1696 3621 1707 3644; x_wconf 88' lang='lat'><strong>·</strong></span> <span class='ocrx_word' id='word_1_289' title='bbox 1994 3696 2004 3705; x_wconf 39' lang='lat'>,</span> 
     </span>
    </p>

    <p class='ocr_par' dir='ltr' id='par_1_4' title="bbox 815 3704 2303 3828">
     <span class='ocr_line' id='line_1_27' title="bbox 815 3704 2303 3828; baseline 0.001 -31"><span class='ocrx_word' id='word_1_290' title='bbox 815 3706 972 3797; x_wconf 86' lang='lat' dir='ltr'><strong>XXVI.</strong></span> <span class='ocrx_word' id='word_1_291' title='bbox 996 3710 1259 3819; x_wconf 87' lang='lat' dir='ltr'>Prosequitur</span> <span class='ocrx_word' id='word_1_292' title='bbox 1285 3713 1474 3823; x_wconf 80' lang='lat' dir='ltr'>Petavius</span> <span class='ocrx_word' id='word_1_293' title='bbox 1497 3743 1608 3799; x_wconf 90' lang='lat' dir='ltr'>num.</span> <span class='ocrx_word' id='word_1_294' title='bbox 1636 3746 1673 3799; x_wconf 89' lang='lat' dir='ltr'>z.</span> <span class='ocrx_word' id='word_1_295' title='bbox 1697 3712 1754 3801; x_wconf 85' lang='lat' dir='ltr'>fic</span> <span class='ocrx_word' id='word_1_296' title='bbox 1776 3746 1787 3796; x_wconf 72' lang='grc' dir='ltr'>ι</span> <span class='ocrx_word' id='word_1_297' title='bbox 1811 3704 1837 3786; x_wconf 75' lang='lat' dir='ltr'>&#39;n</span> <span class='ocrx_word' id='word_1_298' title='bbox 1859 3716 2020 3828; x_wconf 76' lang='lat' dir='ltr'>Qnstius</span> <span class='ocrx_word' id='word_1_299' title='bbox 2041 3716 2082 3802; x_wconf 89' lang='lat' dir='ltr'>in</span> <span class='ocrx_word' id='word_1_300' title='bbox 2104 3714 2303 3827; x_wconf 84' lang='lat' dir='ltr'>loquendi</span> 
     </span>
    </p>

    <p class='ocr_par' dir='ltr' id='par_1_5' title="bbox 529 3824 2317 4067">
     <span class='ocr_line' id='line_1_28' title="bbox 529 3824 2317 3944; baseline 0.001 -34"><span class='ocrx_word' id='word_1_301' title='bbox 529 3865 542 3888; x_wconf 91' lang='lat'><strong>·</strong></span> <span class='ocrx_word' id='word_1_302' title='bbox 613 3918 616 3925; x_wconf 56' lang='grc'><strong><em>,</em></strong></span> <span class='ocrx_word' id='word_1_303' title='bbox 756 3871 784 3912; x_wconf 76' lang='lat' dir='ltr'>n</span> <span class='ocrx_word' id='word_1_304' title='bbox 807 3828 1054 3942; x_wconf 83' lang='lat' dir='ltr'>generibus,</span> <span class='ocrx_word' id='word_1_305' title='bbox 1082 3827 1182 3914; x_wconf 91' lang='lat' dir='ltr'>illud</span> <span class='ocrx_word' id='word_1_306' title='bbox 1202 3824 1245 3913; x_wconf 93' lang='lat' dir='ltr'>in</span> <span class='ocrx_word' id='word_1_307' title='bbox 1267 3830 1418 3939; x_wconf 20' lang='lat' dir='ltr'>primis,</span> <span class='ocrx_word' id='word_1_308' title='bbox 1432 3831 1689 3919; x_wconf 88' lang='lat' dir='ltr'>tenendum:</span> <span class='ocrx_word' id='word_1_309' title='bbox 1713 3835 1807 3918; x_wconf 76' lang='lat' dir='ltr'>cunr</span> <span class='ocrx_word' id='word_1_310' title='bbox 1831 3832 1981 3919; x_wconf 86' lang='lat' dir='ltr'>dicitur</span> <span class='ocrx_word' id='word_1_311' title='bbox 1998 3894 2015 3934; x_wconf 14' lang='lat' dir='ltr'>,a</span> <span class='ocrx_word' id='word_1_312' title='bbox 2033 3860 2124 3917; x_wconf 83' lang='lat' dir='ltr'>nota</span> <span class='ocrx_word' id='word_1_313' title='bbox 2141 3833 2317 3944; x_wconf 46' lang='grc' dir='ltr'>βρίθει</span> 
     </span>
     <span class='ocr_line' id='line_1_29' title="bbox 757 3943 2302 4067; baseline 0.002 -37"><span class='ocrx_word' id='word_1_314' title='bbox 757 3988 783 4030; x_wconf 72' lang='lat' dir='ltr'>n</span> <span class='ocrx_word' id='word_1_315' title='bbox 804 3948 861 4033; x_wconf 85' lang='lat' dir='ltr'>ria</span> <span class='ocrx_word' id='word_1_316' title='bbox 888 3948 934 4029; x_wconf 89' lang='lat' dir='ltr'>de</span> <span class='ocrx_word' id='word_1_317' title='bbox 947 3943 1138 4056; x_wconf 75' lang='lat' dir='ltr'>stipientia</span> <span class='ocrx_word' id='word_1_318' title='bbox 1161 4006 1175 4048; x_wconf 92' lang='lat'>,</span> <span class='ocrx_word' id='word_1_319' title='bbox 1201 3946 1268 4031; x_wconf 86' lang='lat' dir='ltr'>vel</span> <span class='ocrx_word' id='word_1_320' title='bbox 1287 3948 1412 4034; x_wconf 77' lang='lat' dir='ltr'>iumen</span> <span class='ocrx_word' id='word_1_321' title='bbox 1434 3951 1482 4033; x_wconf 80' lang='lat' dir='ltr'>de</span> <span class='ocrx_word' id='word_1_322' title='bbox 1501 3949 1668 4051; x_wconf 82' lang='lat' dir='ltr'>lumine,</span> <span class='ocrx_word' id='word_1_323' title='bbox 1695 3952 1762 4035; x_wconf 87' lang='lat' dir='ltr'>vel</span> <span class='ocrx_word' id='word_1_324' title='bbox 1781 3950 1932 4065; x_wconf 81' lang='lat' dir='ltr'>efftntt&#39;a</span> <span class='ocrx_word' id='word_1_325' title='bbox 1954 3952 2001 4035; x_wconf 86' lang='lat' dir='ltr'>dt</span> <span class='ocrx_word' id='word_1_326' title='bbox 2020 3951 2170 4067; x_wconf 71' lang='lat' dir='ltr'>efflatio</span> <span class='ocrx_word' id='word_1_327' title='bbox 2186 4011 2199 4053; x_wconf 90' lang='lat'>,</span> <span class='ocrx_word' id='word_1_328' title='bbox 2218 3949 2302 4035; x_wconf 86' lang='lat' dir='ltr'>falli</span> 
     </span>
    </p>

    <p class='ocr_par' dir='ltr' id='par_1_6' title="bbox 755 4061 2303 4533">
     <span class='ocr_line' id='line_1_30' title="bbox 755 4061 2303 4182; baseline 0.003 -35"><span class='ocrx_word' id='word_1_329' title='bbox 755 4104 782 4147; x_wconf 66' lang='lat' dir='ltr'>a</span> <span class='ocrx_word' id='word_1_330' title='bbox 808 4061 1036 4173; x_wconf 85' lang='lat' dir='ltr'>quosdam,</span> <span class='ocrx_word' id='word_1_331' title='bbox 1056 4064 1125 4171; x_wconf 91' lang='lat' dir='ltr'>qui</span> <span class='ocrx_word' id='word_1_332' title='bbox 1146 4064 1215 4147; x_wconf 83' lang='lat' dir='ltr'>ista</span> <span class='ocrx_word' id='word_1_333' title='bbox 1236 4064 1432 4150; x_wconf 87' lang='lat' dir='ltr'>vocabula</span> <span class='ocrx_word' id='word_1_334' title='bbox 1453 4063 1678 4182; x_wconf 80' lang='lat' dir='ltr'>significare</span> <span class='ocrx_word' id='word_1_335' title='bbox 1701 4072 1893 4177; x_wconf 86' lang='lat' dir='ltr'>personas</span> <span class='ocrx_word' id='word_1_336' title='bbox 1909 4069 2161 4168; x_wconf 79' lang='lat' dir='ltr'>existimant,</span> <span class='ocrx_word' id='word_1_337' title='bbox 2192 4062 2303 4177; x_wconf 77' lang='lat' dir='ltr'>quoii</span> 
     </span>
     <span class='ocr_line' id='line_1_31' title="bbox 755 4174 2301 4294; baseline 0.003 -32"><span class='ocrx_word' id='word_1_338' title='bbox 755 4222 784 4263; x_wconf 74' lang='lat' dir='ltr'>n</span> <span class='ocrx_word' id='word_1_339' title='bbox 808 4181 874 4266; x_wconf 89' lang='lat' dir='ltr'>ille</span> <span class='ocrx_word' id='word_1_340' title='bbox 899 4174 948 4261; x_wconf 87' lang='lat' dir='ltr'>fit</span> <span class='ocrx_word' id='word_1_341' title='bbox 970 4179 1129 4282; x_wconf 89' lang='lat' dir='ltr'>sensus,</span> <span class='ocrx_word' id='word_1_342' title='bbox 1156 4180 1328 4291; x_wconf 88' lang='lat' dir='ltr'>persona</span> <span class='ocrx_word' id='word_1_343' title='bbox 1349 4184 1441 4285; x_wconf 87' lang='lat' dir='ltr'>illa,</span> <span class='ocrx_word' id='word_1_344' title='bbox 1467 4178 1555 4294; x_wconf 80' lang='lat' dir='ltr'>quae</span> <span class='ocrx_word' id='word_1_345' title='bbox 1581 4210 1673 4268; x_wconf 82' lang='lat' dir='ltr'>nata</span> <span class='ocrx_word' id='word_1_346' title='bbox 1689 4184 1918 4294; x_wconf 79' lang='lat' dir='ltr'>fitpientia,</span> <span class='ocrx_word' id='word_1_347' title='bbox 1945 4186 1989 4267; x_wconf 85' lang='lat' dir='ltr'>id</span> <span class='ocrx_word' id='word_1_348' title='bbox 2018 4185 2069 4292; x_wconf 77' lang='grc' dir='ltr'>εβ</span> <span class='ocrx_word' id='word_1_349' title='bbox 2099 4182 2141 4267; x_wconf 89' lang='lat' dir='ltr'><em>V</em></span> <span class='ocrx_word' id='word_1_350' title='bbox 2139 4188 2301 4283; x_wconf 82' lang='lat' dir='ltr'>erbum,</span> 
     </span>
     <span class='ocr_line' id='line_1_32' title="bbox 756 4296 2300 4412; baseline 0.002 -31"><span class='ocrx_word' id='word_1_351' title='bbox 756 4338 784 4381; x_wconf 72' lang='lat' dir='ltr'>a</span> <span class='ocrx_word' id='word_1_352' title='bbox 801 4296 955 4405; x_wconf 72' lang='lat' dir='ltr'>proprii</span> <span class='ocrx_word' id='word_1_353' title='bbox 978 4297 1141 4400; x_wconf 83' lang='lat' dir='ltr'>dicitur,</span> <span class='ocrx_word' id='word_1_354' title='bbox 1170 4322 1262 4381; x_wconf 83' lang='lat' dir='ltr'>nata</span> <span class='ocrx_word' id='word_1_355' title='bbox 1281 4358 1297 4401; x_wconf 92' lang='lat'>,</span> <span class='ocrx_word' id='word_1_356' title='bbox 1318 4302 1378 4384; x_wconf 80' lang='lat' dir='ltr'>vel</span> <span class='ocrx_word' id='word_1_357' title='bbox 1393 4305 1525 4412; x_wconf 80' lang='lat' dir='ltr'>genita</span> <span class='ocrx_word' id='word_1_358' title='bbox 1550 4302 1602 4411; x_wconf 74' lang='lat' dir='ltr'>est</span> <span class='ocrx_word' id='word_1_359' title='bbox 1614 4302 1659 4384; x_wconf 87' lang='lat' dir='ltr'>de</span> <span class='ocrx_word' id='word_1_360' title='bbox 1681 4332 1727 4385; x_wconf 87' lang='lat' dir='ltr'>ea</span> <span class='ocrx_word' id='word_1_361' title='bbox 1750 4302 1943 4412; x_wconf 79' lang='lat' dir='ltr'>Persona,</span> <span class='ocrx_word' id='word_1_362' title='bbox 1957 4331 2041 4412; x_wconf 79' lang='lat' dir='ltr'>quia</span> <span class='ocrx_word' id='word_1_363' title='bbox 2059 4300 2110 4407; x_wconf 79' lang='lat' dir='ltr'>est</span> <span class='ocrx_word' id='word_1_364' title='bbox 2131 4304 2300 4412; x_wconf 75' lang='lat' dir='ltr'>ingenita</span> 
     </span>
     <span class='ocr_line' id='line_1_33' title="bbox 757 4409 2301 4533; baseline 0.005 -40"><span class='ocrx_word' id='word_1_365' title='bbox 757 4454 785 4495; x_wconf 70' lang='lat' dir='ltr'>u</span> <span class='ocrx_word' id='word_1_366' title='bbox 799 4410 1015 4531; x_wconf 79' lang='lat' dir='ltr'>firpienn&#39;a:</span> <span class='ocrx_word' id='word_1_367' title='bbox 1031 4412 1158 4523; x_wconf 89' lang='lat' dir='ltr'>Quod</span> <span class='ocrx_word' id='word_1_368' title='bbox 1176 4443 1321 4500; x_wconf 89' lang='lat' dir='ltr'>verum</span> <span class='ocrx_word' id='word_1_369' title='bbox 1335 4447 1417 4502; x_wconf 89' lang='lat' dir='ltr'>non</span> <span class='ocrx_word' id='word_1_370' title='bbox 1440 4443 1565 4528; x_wconf 92' lang='lat' dir='ltr'>puto,</span> <span class='ocrx_word' id='word_1_371' title='bbox 1580 4416 1650 4502; x_wconf 89' lang='lat' dir='ltr'>sed</span> <span class='ocrx_word' id='word_1_372' title='bbox 1670 4416 1886 4527; x_wconf 72' lang='lat' dir='ltr'>utrobique</span> <span class='ocrx_word' id='word_1_373' title='bbox 1911 4417 1952 4501; x_wconf 87' lang='lat' dir='ltr'>id</span> <span class='ocrx_word' id='word_1_374' title='bbox 1970 4418 2082 4533; x_wconf 90' lang='lat' dir='ltr'>quod</span> <span class='ocrx_word' id='word_1_375' title='bbox 2099 4409 2301 4501; x_wconf 81' lang='lat' dir='ltr'>estessen·</span> 
     </span>
    </p>

    <p class='ocr_par' dir='ltr' id='par_1_7' title="bbox 756 4528 2309 4760">
     <span class='ocr_line' id='line_1_34' title="bbox 756 4528 2309 4645; baseline 0.005 -34"><span class='ocrx_word' id='word_1_376' title='bbox 756 4573 785 4611; x_wconf 75' lang='lat' dir='ltr'>tt</span> <span class='ocrx_word' id='word_1_377' title='bbox 809 4530 897 4628; x_wconf 88' lang='lat' dir='ltr'>tia,</span> <span class='ocrx_word' id='word_1_378' title='bbox 920 4533 962 4612; x_wconf 73' lang='grc' dir='ltr'>δι</span> <span class='ocrx_word' id='word_1_379' title='bbox 985 4528 1164 4615; x_wconf 71' lang='lat' dir='ltr'>absolute</span> <span class='ocrx_word' id='word_1_380' title='bbox 1187 4537 1229 4615; x_wconf 90' lang='lat'>&amp;</span> <span class='ocrx_word' id='word_1_381' title='bbox 1253 4531 1363 4617; x_wconf 89' lang='lat' dir='ltr'>adse</span> <span class='ocrx_word' id='word_1_382' title='bbox 1388 4534 1571 4634; x_wconf 87' lang='lat' dir='ltr'>dicitur,</span> <span class='ocrx_word' id='word_1_383' title='bbox 1592 4534 1779 4645; x_wconf 86' lang='lat' dir='ltr'>exprimi.</span> <span class='ocrx_word' id='word_1_384' title='bbox 1803 4534 1855 4621; x_wconf 88' lang='lat' dir='ltr'>Id</span> <span class='ocrx_word' id='word_1_385' title='bbox 1872 4537 1982 4620; x_wconf 88' lang='lat' dir='ltr'>euim</span> <span class='ocrx_word' id='word_1_386' title='bbox 2004 4563 2057 4619; x_wconf 85' lang='lat' dir='ltr'>ex</span> <span class='ocrx_word' id='word_1_387' title='bbox 2076 4532 2309 4645; x_wconf 78' lang='lat' dir='ltr'>Augustino</span> 
     </span>
     <span class='ocr_line' id='line_1_35' title="bbox 757 4644 2301 4760; baseline 0.003 -31"><span class='ocrx_word' id='word_1_388' title='bbox 757 4689 785 4729; x_wconf 67' lang='lat' dir='ltr'>n</span> <span class='ocrx_word' id='word_1_389' title='bbox 809 4644 1041 4757; x_wconf 83' lang='lat' dir='ltr'>colligitur,</span> <span class='ocrx_word' id='word_1_390' title='bbox 1065 4648 1133 4757; x_wconf 84' lang='lat' dir='ltr'>qui</span> <span class='ocrx_word' id='word_1_391' title='bbox 1147 4676 1238 4735; x_wconf 85' lang='lat' dir='ltr'>eam</span> <span class='ocrx_word' id='word_1_392' title='bbox 1256 4651 1531 4760; x_wconf 79' lang='lat' dir='ltr'>Quaestionem</span> <span class='ocrx_word' id='word_1_393' title='bbox 1546 4652 1704 4737; x_wconf 84' lang='lat' dir='ltr'>caeteris</span> <span class='ocrx_word' id='word_1_394' title='bbox 1720 4654 1944 4737; x_wconf 80' lang='lat' dir='ltr'>accuratius</span> <span class='ocrx_word' id='word_1_395' title='bbox 1958 4680 2003 4735; x_wconf 82' lang='lat' dir='ltr'>ac</span> <span class='ocrx_word' id='word_1_396' title='bbox 2023 4650 2208 4737; x_wconf 71' lang='lat' dir='ltr'>subtilius</span> <span class='ocrx_word' id='word_1_397' title='bbox 2218 4649 2301 4737; x_wconf 84' lang='lat' dir='ltr'>ins-</span> 
     </span>
    </p>

    <p class='ocr_par' dir='ltr' id='par_1_8' title="bbox 709 4761 2304 5350">
     <span class='ocr_line' id='line_1_36' title="bbox 709 4761 2299 4877; baseline 0.001 -28"><span class='ocrx_word' id='word_1_398' title='bbox 709 4802 736 4817; x_wconf 92' lang='lat'>··</span> <span class='ocrx_word' id='word_1_399' title='bbox 757 4804 785 4849; x_wconf 80' lang='lat' dir='ltr'>n</span> <span class='ocrx_word' id='word_1_400' title='bbox 809 4762 944 4857; x_wconf 90' lang='lat' dir='ltr'>tituit,</span> <span class='ocrx_word' id='word_1_401' title='bbox 958 4761 1073 4867; x_wconf 84' lang='lat' dir='ltr'>cuius</span> <span class='ocrx_word' id='word_1_402' title='bbox 1094 4764 1184 4851; x_wconf 85' lang='lat' dir='ltr'>loca</span> <span class='ocrx_word' id='word_1_403' title='bbox 1201 4765 1266 4849; x_wconf 85' lang='lat' dir='ltr'>illa</span> <span class='ocrx_word' id='word_1_404' title='bbox 1279 4826 1294 4867; x_wconf 90' lang='lat'>,</span> <span class='ocrx_word' id='word_1_405' title='bbox 1309 4794 1397 4875; x_wconf 88' lang='lat' dir='ltr'>quae</span> <span class='ocrx_word' id='word_1_406' title='bbox 1411 4766 1683 4868; x_wconf 79' lang='lat' dir='ltr'>adduximus,</span> <span class='ocrx_word' id='word_1_407' title='bbox 1705 4768 1971 4877; x_wconf 71' lang='lat' dir='ltr'>prasertime</span> <span class='ocrx_word' id='word_1_408' title='bbox 1992 4768 2170 4877; x_wconf 88' lang='lat' dir='ltr'>septimo</span> <span class='ocrx_word' id='word_1_409' title='bbox 2193 4767 2299 4853; x_wconf 86' lang='lat' dir='ltr'>libro</span> 
     </span>
     <span class='ocr_line' id='line_1_37' title="bbox 757 4876 2304 4997; baseline 0.003 -34"><span class='ocrx_word' id='word_1_410' title='bbox 757 4922 784 4963; x_wconf 72' lang='lat' dir='ltr'>n</span> <span class='ocrx_word' id='word_1_411' title='bbox 809 4876 862 4963; x_wconf 88' lang='lat' dir='ltr'>de</span> <span class='ocrx_word' id='word_1_412' title='bbox 880 4877 1107 4980; x_wconf 87' lang='lat' dir='ltr'>Trinitate,</span> <span class='ocrx_word' id='word_1_413' title='bbox 1127 4910 1209 4968; x_wconf 89' lang='lat' dir='ltr'>nou</span> <span class='ocrx_word' id='word_1_414' title='bbox 1226 4883 1395 4969; x_wconf 74' lang='lat' dir='ltr'>obscure</span> <span class='ocrx_word' id='word_1_415' title='bbox 1419 4880 1643 4997; x_wconf 84' lang='lat' dir='ltr'>fignificant</span> <span class='ocrx_word' id='word_1_416' title='bbox 1664 4886 1932 4993; x_wconf 84' lang='lat' dir='ltr'>sapientiam,</span> <span class='ocrx_word' id='word_1_417' title='bbox 1955 4912 2045 4995; x_wconf 85' lang='lat' dir='ltr'>quae</span> <span class='ocrx_word' id='word_1_418' title='bbox 2066 4884 2176 4971; x_wconf 79' lang='lat' dir='ltr'>F&#39;dio</span> <span class='ocrx_word' id='word_1_419' title='bbox 2198 4910 2304 4992; x_wconf 86' lang='lat' dir='ltr'>pru·</span> 
     </span>
     <span class='ocr_line' id='line_1_38' title="bbox 757 4992 2304 5105; baseline 0.004 -26"><span class='ocrx_word' id='word_1_420' title='bbox 757 5039 786 5080; x_wconf 63' lang='grc' dir='ltr'>ι,</span> <span class='ocrx_word' id='word_1_421' title='bbox 809 4992 898 5105; x_wconf 76' lang='lat' dir='ltr'>prie</span> <span class='ocrx_word' id='word_1_422' title='bbox 919 4994 1138 5097; x_wconf 89' lang='lat' dir='ltr'>tribuitur,</span> <span class='ocrx_word' id='word_1_423' title='bbox 1153 5002 1204 5093; x_wconf 59' lang='lat' dir='ltr'>,dt</span> <span class='ocrx_word' id='word_1_424' title='bbox 1227 5020 1319 5085; x_wconf 82' lang='lat' dir='ltr'>nata</span> <span class='ocrx_word' id='word_1_425' title='bbox 1340 5000 1489 5086; x_wconf 90' lang='lat' dir='ltr'>dicitur</span> <span class='ocrx_word' id='word_1_426' title='bbox 1510 5003 1558 5085; x_wconf 92' lang='lat' dir='ltr'>ab</span> <span class='ocrx_word' id='word_1_427' title='bbox 1581 4998 1775 5102; x_wconf 76' lang='lat' dir='ltr'>essentia,</span> <span class='ocrx_word' id='word_1_428' title='bbox 1797 5003 1898 5087; x_wconf 88' lang='lat' dir='ltr'>nihil</span> <span class='ocrx_word' id='word_1_429' title='bbox 1918 5000 2083 5087; x_wconf 89' lang='lat' dir='ltr'>differre</span> <span class='ocrx_word' id='word_1_430' title='bbox 2099 5060 2113 5101; x_wconf 93' lang='lat'>,</span> <span class='ocrx_word' id='word_1_431' title='bbox 2131 5028 2209 5087; x_wconf 86' lang='lat' dir='ltr'>nec</span> <span class='ocrx_word' id='word_1_432' title='bbox 2224 5001 2304 5085; x_wconf 82' lang='lat' dir='ltr'>tui·</span> 
     </span>
     <span class='ocr_line' id='line_1_39' title="bbox 759 5108 2303 5247; baseline -0.001 -48"><span class='ocrx_word' id='word_1_433' title='bbox 759 5156 787 5199; x_wconf 74' lang='lat'>»</span> <span class='ocrx_word' id='word_1_434' title='bbox 811 5113 886 5197; x_wconf 77' lang='lat' dir='ltr'>nus</span> <span class='ocrx_word' id='word_1_435' title='bbox 906 5108 1288 5247; x_wconf 53' lang='lat' dir='ltr'>Patr‘ffonvenire,</span> <span class='ocrx_word' id='word_1_436' title='bbox 1316 5119 1438 5225; x_wconf 73' lang='lat' dir='ltr'>quim</span> <span class='ocrx_word' id='word_1_437' title='bbox 1461 5118 1572 5201; x_wconf 88' lang='lat' dir='ltr'>Filio</span> <span class='ocrx_word' id='word_1_438' title='bbox 1597 5176 1611 5218; x_wconf 92' lang='lat'>,</span> <span class='ocrx_word' id='word_1_439' title='bbox 1637 5118 1843 5228; x_wconf 81' lang='lat' dir='ltr'>utriusque·</span> <span class='ocrx_word' id='word_1_440' title='bbox 1873 5120 1976 5205; x_wconf 75' lang='lat' dir='ltr'>salva</span> <span class='ocrx_word' id='word_1_441' title='bbox 1998 5118 2303 5228; x_wconf 65' lang='lat' dir='ltr'>propietate,</span> 
     </span>
     <span class='ocr_line' id='line_1_40' title="bbox 760 5230 2304 5350; baseline -0.001 -31"><span class='ocrx_word' id='word_1_442' title='bbox 760 5272 788 5319; x_wconf 80' lang='lat' dir='ltr'>n</span> <span class='ocrx_word' id='word_1_443' title='bbox 813 5256 933 5343; x_wconf 88' lang='lat' dir='ltr'>quam</span> <span class='ocrx_word' id='word_1_444' title='bbox 945 5252 1093 5347; x_wconf 81' lang='lat' dir='ltr'>genuae</span> <span class='ocrx_word' id='word_1_445' title='bbox 1105 5230 1174 5319; x_wconf 85' lang='lat' dir='ltr'>vel</span> <span class='ocrx_word' id='word_1_446' title='bbox 1190 5250 1294 5324; x_wconf 84' lang='lat' dir='ltr'>natae</span> <span class='ocrx_word' id='word_1_447' title='bbox 1309 5292 1323 5336; x_wconf 88' lang='lat'>,</span> <span class='ocrx_word' id='word_1_448' title='bbox 1341 5241 1384 5323; x_wconf 77' lang='lat' dir='ltr'>dt</span> <span class='ocrx_word' id='word_1_449' title='bbox 1401 5234 1681 5350; x_wconf 69' lang='lat' dir='ltr'>innatamque</span> <span class='ocrx_word' id='word_1_450' title='bbox 1694 5235 1886 5350; x_wconf 78' lang='lat' dir='ltr'>ingenitae</span> <span class='ocrx_word' id='word_1_451' title='bbox 1899 5236 2096 5327; x_wconf 79' lang='lat' dir='ltr'>vocabula</span> <span class='ocrx_word' id='word_1_452' title='bbox 2108 5230 2304 5323; x_wconf 66' lang='grc' dir='ltr'>ᾶεωοιιίὶ</span> 
     </span>
    </p>
   </div>
   <div class='ocr_carea' id='block_1_3' title="bbox 1121 5467 1151 5514">
    <p class='ocr_par' dir='ltr' id='par_1_9' title="bbox 1121 5467 1151 5514">
     <span class='ocr_line' id='line_1_41' title="bbox 1121 5467 1151 5514; baseline 0 0"><span class='ocrx_word' id='word_1_453' title='bbox 1121 5467 1151 5514; x_wconf 68' lang='lat'>0·</span> 
     </span>
    </p>
   </div>
   <div class='ocr_carea' id='block_1_4' title="bbox 0 0 2596 6660">
    <p class='ocr_par' dir='ltr' id='par_1_10' title="bbox 0 0 2596 6660">
     <span class='ocr_line' id='line_1_42' title="bbox 0 0 2596 6660; baseline 0 0"><span class='ocrx_word' id='word_1_454' title='bbox 0 0 2596 6660; x_wconf 95' lang='lat' dir='ltr'> </span> 
     </span>
    </p>
   </div>
  </div>
 </body>
</html>
