5150 6667
333 548 336 557 ⁸
661 610 1113 708 nissrnu
1174 616 1354 729 ης.
1415 616 1451 705 1·
1750 620 1836 715 aa,

280 754 461 849 i'i'aiium
481 756 722 869 hominem,
743 762 786 843 δι
807 759 874 843 sua
895 755 1061 845 ess'entia
1080 760 1137 842 est
1163 758 1418 861 humanitas,
1443 764 1485 844 ἃ
1507 756 1587 845 effe
1611 762 1689 845 suae
1714 769 1756 848 δι
1771 751 1839 874 ἰρέ
1939 743 1943 750 ’

281 922 311 964 »2
337 879 417 967 fius
429 876 609 966 effentiae
623 879 680 963 est
693 876 848 977 homo,
868 878 936 985 qui
949 878 1071 961 habet
1091 895 1276 960 naturam
1296 877 1542 990 generandi,
1557 876 1724 964 ess'entia
1736 886 1836 968 vero

283 1040 311 1081 ,ι
335 1030 418 1085 non
443 1029 453 1093 ε
479 1003 521 1083 de
544 995 637 1082 ideo
660 994 780 1079 Deus
799 990 1006 1103 affumpfit
1027 995 1350 1096 humanitatem,
1382 999 1425 1080 ἃ
1457 1025 1540 1079 non
1564 997 1777 1089 hominem
1793 1040 1837 1082 η.

142 1116 154 1128 “
284 1117 343 1205 Et
365 1146 477 1201 num.
500 1144 537 1201 2.
564 1114 723 1199 “Item
743 1110 861 1197 Deus
876 1110 1002 1197 Filius
1026 1114 1083 1197 est
1101 1108 1383 1222 suppositum,
1403 1116 1445 1197 δι
1463 1114 1589 1197 homo
1612 1116 1669 1197 est
1692 1115 1838 1227 suppo·

283 1274 313 1315 n
338 1226 488 1319 fitam:
512 1230 664 1333 Unde,
688 1228 719 1315 fi
746 1230 863 1315 Deus
887 1226 1416 1340 affumpsiffethominem,
1440 1228 1491 1315 de
1524 1230 1756 1316 neceffita'te
1779 1233 1849 1346 ses

285 1360 320 1433 η’
339 1371 564 1463 queretur,
590 1347 702 1459 quod
720 1348 903 1433 Christus
926 1346 1028 1433 ess'et
1049 1346 1130 1432 duo
1154 1345 1358 1458 supposita
1372 1408 1385 1449 ,
1399 1352 1466 1432 vel
1488 1378 1615 1433 unum
1634 1346 1838 1460 composi-

283 1508 314 1551 „
339 1492 430 1553 tum
447 1498 500 1555 ex
519 1466 701 1569 duobus,
718 1470 760 1551 de
774 1463 828 1551 fic
849 1466 1032 1551 Christus
1048 1494 1131 1550 non
1150 1464 1348 1551 ess'et'una
1362 1466 1562 1576 Persona,
1578 1468 1619 1550 in
1635 1468 1841 1579 quaDeus

186 1657 191 1667 .
283 1626 314 1665 n
339 1586 440 1673 effet
466 1588 622 1685 homo,
645 1588 688 1669 dc
709 1584 837 1687 homo
852 1582 953 1670 effet
972 1583 1114 1668 Deus:
1135 1588 1176 1667 dc
1197 1581 1344 1669 fieffet
1364 1612 1444 1667 una
1462 1584 1640 1670 Persona
1661 1614 1714 1670 ex
1734 1587 1837 1671 duo-

284 1742 314 1783 „
338 1709 415 1793 hus
436 1698 678 1813 suppofitis,
702 1700 886 1785 Christus
908 1730 992 1786 non
1013 1698 1113 1785 esset
1135 1701 1253 1786 Deus
1277 1731 1352 1787 nec
1372 1703 1527 1804 homo,
1552 1731 1628 1789 nec
1653 1704 1771 1789 Deus
1796 1703 1840 1791 δὲ

285 1860 316 1901 n
340 1824 469 1907 homo
488 1817 617 1905 effent
635 1819 846 1920 Christus,
870 1820 936 1904 vel
953 1820 995 1903 in
1019 1818 1184 1904 Christo
1198 1839 1339 1904 'totum
1353 1816 1454 1905 effer
1467 1848 1587 1931 pars,
1608 1827 1649 1906 &
1668 1828 1759 1933 par's
1778 1823 1841 1908 es-

287 1978 318 2019 „
343 1940 404 2025 set
426 1958 562 2024 totum
583 1968 594 2029 ;
620 1935 731 2047 quod
752 1939 809 2021 est
831 1936 1073 2048 impoffibile
1098 1928 1170 2023 2&
1193 1936 1317 2039 ideo,
1354 1959 1402 2021 ut
1435 1938 1628 2048 praediaa
1647 1940 1843 2025 inconve‹

288 2094 318 2135 ω
343 2057 495 2141 nientia
518 2086 599 2141 non
622 2056 866 2164 sequantur,
881 2056 999 2151 Deus
1019 2052 1226 2164 affumpsrt
1244 2057 1461 2141 humanam
1474 2054 1682 2159 neutram,
1700 2063 1741 2144 δι
1756 2086 1842 2142 non

288 2212 316 2253 n
340 2174 551 2261 hominem
570 2204 582 2265 ;
607 2178 649 2257 dc
672 2171 723 2255 de
746 2172 829 2283 ipsa
850 2173 1025 2257 humana
1046 2192 1186 2256 natura
1208 2174 1247 2257 se
1269 2159 1369 2260 fecit
1390 2175 1637 2277 hominem,
1668 2177 1726 2259 ut‘
1742 2172 1844 2269 esset

288 2330 316 2381 ,ι
340 2320 467 2376 unum
482 2286 736 2403 suppositum
753 2318 806 2375 ex
820 2289 973 2375 duabus
987 2287 1165 2376 effantiis
1189 2295 1231 2375 ἃ
1250 2291 1402 2375 naturis
1416 2333 1457 2373 υ.
1472 2292 1620 2405 Arguit
1634 2293 1840 2393 Eremita,

288 2436 402 2495 num.
430 2436 465 2519 3.
487 2406 573 2495 sie:
600 2437 626 2477 ιι
649 2406 766 2491 Deus
790 2436 873 2492 non
891 2408 1029 2519 potuit
1046 2406 1251 2519 complete
1270 2406 1467 2494 assumere
1489 2410 1707 2495 humanam
1725 2430 1844 2493 natu-

290 2564 317 2609 „
343 2555 458 2627 ram,
482 2522 556 2611 nifi
573 2522 838 2635 affumpfiss'et
856 2526 1032 2611 animam
1055 2525 1313 2633 conjundiam
1325 2526 1421 2611 cum
1434 2556 1634 2638 corpore,
1648 2523 1731 2613 fine
1754 2526 1846 2638 qui·

291 2682 318 2723 n
343 2646 420 2729 bus
438 2646 564 2730 homo
588 2670 670 2727 non
692 2647 826 2752 potest
849 2642 960 2739 effla
985 2644 1055 2729 sed
1074 2645 1208 2729 animd
1233 2643 1447 2751 conjuncta
1476 2674 1571 2730 cum
1599 2673 1775 2756 corpore
1803 2644 1847 2729 in

156 2819 166 2827 -
292 2800 321 2843 υ
345 2791 429 2847 uno
452 2758 680 2847 indivisibili
699 2760 858 2847 instanti
877 2762 1057 2873 sequitur
1077 2764 1204 2847 homo
1213 2795 1230 2865 ;
1247 2768 1287 2848 dr
1304 2762 1397 2849 ideo
1412 2763 1530 2847 Deus
1544 2760 1751 2872 affumpfit
1768 2762 1844 2847 ho-

291 2917 320 2960 n
346 2881 528 2980 minem,
551 2878 644 2963 aliis
668 2877 784 2961 Deus
808 2908 890 2963 non
914 2880 1051 2999 potuit
1072 2878 1269 2966 adsumere
1286 2881 1509 2965 ¹humanam
1531 2900 1743 2980 naturam,
1766 2907 1844 2965 nec

290 3034 320 3081 u
346 2998 385 3082 se
407 2996 542 3083 facere
570 2996 841 3079 hominem».
869 2998 925 3081 At
944 3004 1056 3082 nuin.
1077 2998 1120 3099 42,
1143 2998 1200 3083 ita
1220 2998 1441 3108 respondet
1465 2997 1607 3081 Lullus
1627 3029 1637 3078 ε
1659 3025 1686 3066 ιι
1703 2998 1845 3080 Incar-

137 3194 143 3203 .
293 3154 322 3194 n
347 3115 459 3205 natio
483 3143 566 3199 non
584 3112 662 3198 fuit
687 3110 786 3196 fasta
805 3110 1043 3225 simpliciter
1064 3116 1084 3220 (
1105 3116 1234 3199 solum
1255 3120 1297 3200 dt
1319 3112 1845 3226 unice)secundn1ndivi-

295 3270 324 3313 n
350 3260 445 3315 nam
466 3254 678 3330 naturam,
694 3257 770 3314 nec
790 3231 1011 3316 secundnm
1036 3234 1253 3317 humanam
1274 3252 1459 3318 naturam
1484 3293 1497 3334 ,
1524 3232 1594 3321 sed
1619 3229 1844 3317 secundom

294 3388 323 3431 η
350 3371 531 3434 naturam
556 3348 786 3457 utriusque,
808 3346 1067 3435 artificialiter
1087 3366 1096 3432 :'
1119 3347 1221 3435 ficut
1247 3352 1398 3452 Deus,
1434 3350 1504 3461 qui
1531 3347 1737 3462 affumpfit
1758 3348 1846 3434 ani·

293 3505 322 3548 n
348 3496 459 3551 mam
478 3472 518 3553 dr
534 3467 810 3577 corpus,&in
831 3467 958 3577 seipso
973 3465 1248 3554 homificando
1263 3471 1303 3554 se
1318 3467 1535 3572 (faciendo
1554 3471 1593 3553 se
1608 3468 1847 3576 hominem)

293 3623 322 3665 22
347 3612 400 3668 ex
421 3604 624 3694 utroque,
648 3582 861 3687 conjunxit
875 3586 1051 3671 animam
1069 3614 1165 3673 cum
1179 3614 1382 3697 corpore,
1402 3592 1444 3672 dt
1463 3586 1542 3671 hoc
1561 3587 1700 3697 potuit
1719 3586 1761 3670 in
1775 3578 1850 3677 eo.·‘

295 3741 322 3785 υ
349 3702 444 3799 dem
466 3695 626 3787 instanti
649 3697 878 3786 indiviiibili
892 3706 1017 3804 ,chm
1036 3702 1085 3788 fit
1100 3705 1307 3789 Dominus
1326 3704 1562 3789 &Creator
1580 3704 1684 3788 illius
1702 3704 1848 3786 instan-
1901 3775 1907 3787 .

294 3844 326 3903 η’
348 3820 400 3903 tis
423 3852 435 3913 ;
463 3819 532 3905 sed
547 3818 769 3907 secundhm
785 3840 970 3904 naturam
991 3844 1169 3906 creatam
1191 3850 1337 3907 verum
1358 3819 1460 3906 dicis
1482 3850 1494 3913 ;
1527 3826 1569 3905 ἂ
1590 3820 1681 3931 quia
1704 3820 1848 3903 lucar:

297 3977 327 4021 η
352 3938 462 4024 natio
484 3968 568 4023 non
590 3937 668 4023 fuit
689 3934 790 4019 faita
816 3935 1037 4023 secundom
1067 3961 1278 4051 nattuam,
1305 3966 1390 4022 non
1425 3938 1549 4023 debes
1571 3964 1740 4051 arguere
1771 3962 1848 4045 per

299 4071 332 4137 υ·
353 4074 563 4148 naturam;
587 4058 682 4141 cnm
704 4054 850 4141 modus
871 4056 1046 4143 faciendi
1064 4057 1252 4143 naturalis
1267 4052 1318 4142 fit
1334 4086 1465 4160 unus,
1485 4062 1526 4142 ὃ(
1540 4056 1638 4143 alius
1657 4049 1869 4140 artificia.

300 4212 329 4255 n
354 4173 402 4257 lis
429 4178 470 4259 δι
494 4175 611 4283 supra
628 4194 826 4258 naturam.

360 4290 424 4377 IV
426 4350 437 4372 .
460 4291 626 4378 Deinde
641 4293 809 4405 „quaest
833 4320 926 4375 102.
950 4316 1061 4377 num.
1088 4323 1122 4377 1.
1151 4290 1281 4380 dicit:
1306 4323 1334 4364 a
1351 4289 1475 4405 Quod
1504 4292 1545 4375 in
1569 4290 1731 4377 Christo
1764 4285 1851 4375 lint

299 4449 328 4493 tt
352 4406 444 4493 duae
458 4408 609 4497 naturae
624 4471 638 4511 ,
652 4409 806 4495 scilicet
820 4411 982 4513 divina,
998 4418 1040 4498 ἃ
1058 4415 1252 4514 humana,
1267 4418 1309 4497 dc
1324 4438 1400 4521 per
1416 4409 1611 4495 Divinam
1627 4410 1667 4493 in
1687 4407 1851 4501 Christo

298 4566 328 4609 ι,
353 4523 403 4610 fit
427 4556 555 4613 unum
580 4526 859 4639 suppofitum,
885 4530 997 4642 quod
1012 4535 1070 4618 est
1087 4534 1232 4633 Deus,
1252 4537 1294 4617 δι
1315 4532 1356 4616 in
1379 4530 1448 4614 illo
1471 4524 1678 4638 suppofito
1698 4523 1748 4610 fit
1764 4524 1853 4611 fac·

299 4684 330 4729 υ
354 4664 419 4731 tus
444 4648 571 4733 homo
595 4647 645 4733 de
673 4649 846 4733 humana
870 4671 1044 4752 natura,
1077 4680 1165 4763 quae
1197 4652 1279 4754 (in
1307 4645 1531 4759 exemplari
1549 4645 1851 4755 manuscripto,

300 4802 330 4849 u
354 4766 445 4875 qui,
464 4760 568 4850 ficut
585 4767 625 4851 in
644 4765 825 4855 editione
841 4769 1162 4882 Panormitano)
1182 4770 1238 4853 est
1252 4763 1505 4877 suppofitum
1522 4793 1606 4850 non
1625 4762 1853 4848 distindium

300 4920 331 4963 υ
356 4884 378 4965 h
397 4880 535 4995 divino
551 4880 783 4995 suppofito,
798 4907 843 4971 ut
857 4887 898 4970 in
918 4887 1082 4973 Christo
1096 4917 1178 4972 non
1194 4883 1271 4970 sint
1286 4885 1367 4969 duo
1377 4882 1601 4995 supposita,
1619 4879 1688 4965 sed
1700 4904 1852 4975 unum,

301 5032 331 5087 o
357 5004 399 5085 de
421 4996 477 5086 fic
498 5018 602 5089 unus
625 5002 836 5105 Christus,
856 5003 959 5091 ficut
980 5025 1063 5091 tres
1087 5006 1274 5090 Personae
1294 5003 1383 5088 sunt
1396 5032 1499 5088 unus
1521 5002 1664 5090 Deus;
1690 5003 1732 5082 oc
1748 4988 1855 5078 ficut

303 5154 331 5203 η
358 5117 481 5205 Pater
498 5124 555 5207 est
573 5122 719 5225 Deus,
744 5127 785 5209 δι
803 5126 838 5209 F
841 5125 931 5211 ilius
948 5126 1005 5210 est
1024 5125 1142 5209 Deus
1162 5182 1176 5222 ,
1195 5127 1237 5206 ἀ
1261 5124 1426 5207 Sanetus
1446 5121 1622 5228 Spiritus
1634 5116 1691 5199 est
1708 5113 1852 5211 Deus,

278 5230 337 5333 'a
357 5232 412 5329 fic
426 5238 547 5333 Deus
560 5244 617 5335 est
633 5240 845 5369 Christro,
869 5246 1053 5362 &homo
1068 5244 1125 5331 est
1139 5240 1352 5352 Christus,
1371 5248 1413 5331 δι
1430 5236 1613 5329 Christus
1635 5234 1693 5321 est
1707 5230 1855 5339 Denso
