5150 6667
502 694 603 775 rrs
630 696 673 776 n
701 654 809 775 ari
855 697 1631 790 arrum-wrm
1648 679 2506 799 mmm-s

299 824 339 939 §.
363 828 398 911 Ι.
422 828 565 916 Docet
586 832 729 915 Lullus
752 830 878 939 Prop.
907 854 943 938 ς.
963 855 1016 913 ex
1029 853 1068 938 q.
1093 820 1133 911 8.
1157 825 1401 911 Sarracenos
1417 854 1513 913 cum
1531 846 1703 938 peccato
1717 830 1848 945 origi-

361 947 440 1030 nali
458 977 541 1033 non
559 947 673 1059 posse
696 948 847 1032 salvari.
1754 951 1846 1033 ibid.
2019 949 2023 957 ’
2064 948 2087 992 ’

301 1060 426 1171 §.IL
446 1066 496 1149 In
510 1067 637 1176 Prop.
663 1072 701 1148 6.
717 1094 770 1150 ex
779 1092 818 1175 q.
847 1093 893 1148 21
915 1061 1040 1149 docet
1053 1063 1217 1164 Lullus,
1233 1061 1344 1173 qubd
1357 1091 1440 1146 non
1454 1063 1697 1152 satisfaciens
1714 1097 1848 1181 opere

359 1186 520 1269 nonest
545 1184 750 1270 absolutus
773 1187 795 1265 a
813 1210 936 1293 poena
950 1211 962 1271 s
975 1206 1061 1264 non
1093 1200 1231 1264 autern
1252 1202 1375 1292 negat
1397 1181 1484 1289 ejus
1512 1183 1849 1272 absolutioneml

361 1300 493 1409 culpa.
1635 1332 1729 1411 pag.
1754 1302 1849 1414 385.

301 1413 339 1521 §.
360 1416 412 1498 ΙἸ
421 1418 456 1500 Ι.
481 1419 628 1505 Sensus
650 1417 762 1502 Lulli
779 1416 820 1500 in
842 1415 969 1526 Prop.
994 1444 1033 1524 7.
1057 1443 1110 1499 ex
1131 1442 1170 1525 q.
1194 1443 1260 1499 22.
1284 1417 1374 1517 est,
1398 1414 1509 1525 qubd
1523 1444 1620 1503 cum
1641 1421 1852 1513 voluntate

360 1534 460 1627 levis
488 1532 646 1621 tant'lnn
668 1535 922 1646 poenitentiae
953 1563 1036 1617 non
1067 1533 1291 1618 remittitur
1318 1554 1534 1643 peccatum
1563 1564 1685 1649 grave
1719 1538 1854 1648 quoad

360 1653 547 1763 culpam,
560 1660 614 1741 ’δε
636 1657 934 1764 consequenter
950 1680 1027 1737 nec
1047 1650 1183 1762 quoad
1199 1680 1376 1764 poenam.
1631 1684 1726 1773 pag.
1756 1682 1852 1765 390.

302 1768 342 1883 §.
367 1772 449 1855 IV.
470 1772 583 1859 Cum
605 1776 695 1885 post
714 1773 905 1974 pltimum
930 1769 1129 1877 judicium
1151 1799 1234 1854 non
1257 1767 1308 1854 fit
1329 1768 1501 1879 amplius
1524 1768 1662 1857 futura
1683 1777 1852 1859 variatio

362 1888 506 1976 diei&
530 1893 689 1993 nouis,
733 1890 786 1974 ed
808 1890 893 1975 dies
911 1910 1135 1999 perpetuus
1159 1950 1173 1991 ,
1204 1887 1355 1973 dicitur
1373 1889 1415 1972 in
1434 1888 1561 1999 Prop.
1586 1886 1626 1972 8.
1646 1919 1699 1976 ex
1718 1920 1756 2004 q.
1786 1920 1852 2004 31.

361 2006 470 2091 Dies
511 2008 652 2117 judicii
700 2008 787 2096 dies
829 2006 1074 2110 aeviternus,
1105 2006 1148 2093 ld
1182 2010 1271 2110 est,
1299 2005 1586 2092 invariabiliter
1621 2008 1850 2095 duraturus.
1895 2096 1896 2099 a

688 2213 691 2222 .
1635 2159 1729 2239 rar·
1759 2156 1852 2239 397·
1902 2162 1911 2181 ·

302 2240 345 2359 ᾗ.
364 2240 417 2328 V.
438 2242 583 2330 Docet
605 2246 748 2331 Lullus
774 2248 815 2330 in
839 2246 964 2354 Prop.
1000 2273 1038 2351 9.
1063 2271 1115 2328 ex
1134 2270 1172 2353 q.
1202 2270 1267 2354 35.
1293 2243 1405 2355 qubd
1422 2245 1511 2355 post
1537 2248 1705 2354 praevias
1732 2246 1855 2333 foettls

365 2359 691 2464 delineationes,
723 2364 764 2448 in
783 2363 942 2448 instanti
964 2367 1006 2446 δι
1030 2384 1243 2447 momento
1265 2422 1279 2463 ,
1303 2361 1384 2471 qub
1407 2358 1621 2474 perficitur
1638 2365 1723 2473 ejus
1752 2365 1857 2453 deli-

365 2481 530 2581 neatio,
549 2476 748 2594 figuratur
775 2510 859 2565 mas
886 2481 953 2566 vel
980 2478 1158 2564 foemina.
1626 2476 1732 2595 pag.
1761 2510 1856 2595 399.

304 2595 505 2683 DISSE
516 2599 656 2683 RTA
667 2601 707 2682 T
718 2602 788 2684 IO
806 2600 890 2686 IV.
902 2600 971 2682 De
983 2597 1219 2711 quibusdam
1229 2595 1582 2708 Propofitionibus
1593 2602 1700 2687 circa
1715 2602 1860 2687 Deum

369 2719 411 2799 ἀ
434 2716 638 2831 Angelum
660 2715 916 2829 depromptis
935 2745 988 2802 ex
1011 2717 1131 2801 variis
1151 2712 1326 2825 quaesr‘tis
1355 2712 1436 2803 five
1458 2719 1779 2839 quaestiopibus,
1808 2719 1860 2805 ad
1908 2796 1913 2809 .

368 2832 527 2920 calcem
547 2834 728 2943 ejusdem
745 2837 839 2922 Lib.
860 2837 1009 2947 Quaest.
1032 2834 1083 2919 ad
1102 2835 1311 2921 Thom'ant
1331 2834 1662 2922 Attrebatensem
1685 2839 1858 2949 scriptis.
1951 2869 1962 2893 ·

1644 2986 1738 3065 pag.
1758 2982 1860 3065 403.

308 3067 349 3175 ᾗ.
372 3068 409 3152 Ι.
429 3066 558 3167 Βεᾶἑ
572 3072 713 3158 Lullus
732 3073 914 3185 explicat
935 3070 1079 3157 Deum
1091 3100 1168 3182 per
1185 3068 1266 3159 effe
1286 3072 1397 3157 illam
1417 3072 1673 3175 bonitatem,
1693 3102 1781 3183 quac
1804 3075 1862 3157 est

368 3188 474 3273 ratio
492 3190 634 3294 bono,
655 3191 765 3302 quod
784 3212 874 3307 agat
895 3190 1053 3275 bonum
1065 3187 1269 3275 infinitum
1283 3194 1325 3275 &
1345 3211 1557 3275 aeternum.
1768 3191 1861 3273 ibid.

309 3301 352 3410 §.
376 3303 441 3386 II.
462 3308 606 3392 Lullus
628 3369 642 3410 ,
667 3308 766 3393 dum
785 3311 913 3414 dicit,
928 3306 1038 3420 quod
1058 3310 1176 3395 Deus
1195 3309 1317 3395 habet
1334 3309 1376 3394 in
1395 3310 1434 3395 se
1459 3304 1751 3409 deificantem,
1775 3307 1863 3391 dei-

371 3416 602 3526 ficabilem,
619 3429 661 3510 δε
689 3423 909 3530 deificare,
932 3424 1142 3541 intelligit,
1164 3448 1212 3512 ut
1232 3427 1443 3538 explicat,
1474 3424 1586 3538 qubd
1620 3426 1743 3511 habet
1780 3448 1865 3511 tres

371 3537 573 3627 Personas
595 3540 821 3656 designatas
839 3575 914 3657 per
931 3546 1022 3632 illos
1044 3544 1324 3632 correlativos.
1638 3573 1734 3653 pag·
1762 3548 1864 3659 496·

312 3654 353 3763 §.
377 3655 475 3739 III.
503 3660 633 3747 Reste
658 3661 782 3750 docet
795 3665 938 3749 Lullus
958 3664 1000 3749 in
1023 3691 1060 3775 3.
1080 3691 1119 3774 q.
1144 3685 1282 3749 notata
1297 3657 1409 3769 quod
1424 3657 1606 3771 Angelus
1620 3658 1743 3745 habet
1760 3659 1802 3742 in
1824 3660 1866 3745 se

371 3772 807 3879 sormam‚materiam
834 3787 876 3859 ὅ(
912 3780 1244 3883 conjunslionem
1274 3776 1536 3889 spirituales,
1568 3803 1620 3862 ex
1641 3776 1788 3887 quibus
1809 3779 1867 3862 est

371 3887 681 3975 substantialiter
704 3895 745 3977 δι
766 3887 1036 3979 essentialiter.
1662 3922 1757 4007 pag·
1780 3922 1866 4003 409

947 4358 1243 4453 FINIS.
