5150 6667
718 668 804 757 394
874 630 1173 724 VINDIC·
1223 628 1437 721 LULL.
1469 628 1628 742 ‚Turn
1677 624 1769 715 ΙΙΙ.
1811 625 1975 721 Dran,
2016 628 2101 719 IV.

707 776 1049 892 penitentialem
1068 776 1109 860 in
1130 802 1283 882 corpore
1305 766 1373 860 hle
1398 798 1482 855 non
1506 762 1640 883 potest
1661 766 1835 884 intelligi
1858 765 1910 857 de
1932 770 2145 859 voluntate
2167 772 2286 860 levi-⁴

715 906 781 989 ter
794 892 1087 995 satisfaciendi,
1105 892 1175 981 sed
1193 888 1585 986 defatisfauionein
1604 914 1753 997 operae
1769 889 1861 999 quia
1878 888 1921 975 in
1940 890 2020 976 hoc
2043 911 2166 979 textu
2178 891 2279 1004 sup·

715 1018 885 1135 ponitur
901 1016 944 1103 in
965 1013 1193 1125 poenitente
1215 1009 1282 1095 illa
1304 1007 1530 1108 contritio,
1552 1005 1749 1093 confellio
1773 1010 1815 1093 δι
1839 1006 2054 1099 satisfactio
2076 1012 2276 1121 quantum

716 1138 769 1231 ad
791 1135 1071 1233 voluntatem,
1094 1158 1183 1243 quae
1205 1127 1427 1240 requiritur
1446 1131 1488 1212 dc
1509 1124 1679 1225 sufficit,
1697 1146 1744 1210 ut
1764 1124 1918 1211 virtute
1934 1128 2191 1216 Sacramenti
2208 1130 2274 1215 di·
2308 1134 2314 1147 '

718 1258 904 1347 mittatur
925 1252 1072 1361 culpat
1095 1251 1182 1335 haec
1203 1242 1342 1331 alitem
1357 1244 1549 1337 ,voluntas
1568 1240 1839 1334 satisfaciendi
1855 1243 2050 1355 requisita
2065 1246 2117 1331 ad
2130 1250 2275 1335 Sacra-

719 1374 850 1469 menti
863 1372 1088 1469 effedum,
1113 1388 1160 1451 ut
1181 1362 1429 1453 ostendimus
1446 1389 1499 1446 ex
1521 1360 1670 1461 Ludo,
1697 1356 1824 1455 debet
1843 1359 1924 1449 elle
1943 1366 2132 1453 voluntas
2154 1368 2268 1453 satis-

719 1490 897 1581 faciendi
918 1518 1013 1574 cum
1035 1482 1346 1595 proportionata
1369 1477 1595 1593 aequalitate
1619 1509 1630 1563 ι
1657 1474 1841 1589 adeoque
1861 1481 1948 1569 haec
1970 1485 2160 1572 voluntas
2179 1487 2274 1597 sup-

691 1702 697 1711 ,
720 1601 889 1726 ponitur
906 1608 949 1692 in
970 1607 1049 1691 hoc
1068 1602 1193 1690 tertio
1207 1601 1300 1685 casu
1314 1574 1393 1703 f&
1415 1596 1556 1687 levitas
1580 1596 1738 1685 tantdrn
1755 1600 1813 1705 est
1830 1598 1872 1685 in
1890 1628 2017 1711 opere
2038 1603 2216 1711 injundo
2231 1611 2280 1691 &-

722 1750 898 1819 executo
911 1758 930 1826 3
950 1719 1219 1835 &quiaillud
1240 1716 1373 1830 perse
1392 1718 1448 1802 est
1466 1715 1885 1829 unproportionantm
1904 1748 1999 1807 cum
2017 1750 2140 1832 poena
2152 1781 2166 1823 ,
2179 1722 2271 1810 ideo

723 1849 876 1935 virtute
904 1840 1184 1945 Sacramenti,
1204 1835 1358 1949 &quia
1379 1855 1550 1949 augetur
1571 1834 1657 1942 ejus
1674 1833 1799 1919 valor.
1811 1864 1887 1947 per
1907 1830 2275 1927 extraordinarium

725 1967 942 2066 dolorem,
965 1963 1021 2049 ita
1041 1982 1088 2047 ut
1107 1959 1227 2045 dolor
1246 1961 1409 2065 &opus
1430 1953 1652 2059 injunctum
1670 1954 1956 2065 aequipolleant
1973 1984 2108 2069 prenae
2121 1961 2275 2047 corres-

726 2086 927 2197 pondenti
948 2080 1135 2195 gravitati
1153 2077 1310 2187 culpae,
1334 2072 1428 2158 ideo
1450 2095 1548 2172 tunc
1572 2070 1804 2157 liberaturi
1821 2100 1943 2185 poena
1962 2081 2003 2162 δι
2022 2078 2154 2188 culpa

785 2204 900 2288 XXI.
933 2200 1057 2288 Unde
1081 2199 1123 2284 in
1144 2198 1224 2283 hoc
1240 2190 1362 2279 tertio
1387 2191 1514 2292 casu',
1541 2189 1654 2297 juxta
1670 2185 1895 2277 doctrinam
1913 2196 1935 2277 a
1952 2196 2075 2283 Lullo
2097 2196 2140 2283 in
2157 2216 2276 2285 textu

723 2318 1188 2433 .praemillam,breviter
1200 2310 1383 2399 innuitur
1395 2308 1463 2394 illa
1476 2307 1679 2419 aequalitas
1695 2334 1792 2393 cum
1809 2306 2039 2407 differentia
2056 2314 2242 2411 sensualis
2260 2374 2277 2419 ,

728 2444 771 2525 dt
794 2434 1101 2535 intellellualls,
1125 2438 1166 2518 δι
1189 2432 1320 2542 culpae
1339 2431 1382 2512 ἃ
1405 2454 1562 2538 poenae,
1578 2430 1620 2511 ἀ
1643 2426 1789 2512 melius
1809 2428 2048 2545 intelligittu
2064 2460 2163 2519 cum
2183 2434 2276 2521 casu

727 2557 808 2641 alio
831 2556 897 2641 hic
925 2553 1235 2652 subintellecto,
1257 2543 1407 2655 nempd
1431 2545 1472 2628 in
1495 2545 1585 2630 casu
1608 2544 1689 2656 qud
1711 2544 1961 2657 supponatur
1982 2551 2024 2635 in
2046 2552 2275 2661 poenitente

565 2712 569 2717 ·
727 2674 952 2773 contritio,
975 2670 1204 2771 confellro,
1231 2671 1275 2755 ἀ
1292 2660 1503 2755 satisfadlio
1526 2662 1645 2777 bonae·
1664 2662 1880 2777 voluntatis
1903 2727 1918 2769 ,
1940 2678 2029 2780 qirae
2060 2672 2275 2782 requirun.

672 2814 680 2826 ·
730 2803 800 2879 'tur
835 2790 1102 2879 &sufficiunt
1131 2788 1183 2873 ad
1212 2776 1488 2877 remiffionem
1505 2782 1641 2891 ,culpae
1680 2808 1836 2897 magnae
1858 2813 1934 2895 per
1968 2789 2277 2887 Sacramentum

730 2912 1008 3022 poenitentiae,
1028 2914 1069 2995 ἀ
1093 2903 1293 2995 Sacerdos
1316 2901 1500 3015 injungat
1529 2902 1663 2988 levem
1684 2901 1968 3021 poeuitentiam
1996 2900 2117 3019 quam
2144 2908 2274 2993 adim-

728 3031 840 3139 pleat
862 3015 1096 3140 poenitens,
1113 3048 1211 3112 tunc
1235 3023 1304 3110 iste
1328 3020 1567 3105 liberaturi
1601 3019 1721 3129 culpa
1749 3050 1928 3141 magna,
1958 3026 2050 3135 quia
2081 3027 2275 3113 contritio

729 3146 926 3235 confeffio
941 3153 982 3233 ἀ
996 3146 1105 3232 bona
1121 3144 1308 3244 voluntas
1326 3136 1597 3226 satisfaciendi
1618 3138 1882 3248 aequipollent
1896 3143 2026 3255 culpe
2045 3145 2088 3229 in
2109 3146 2238 3231 anima
2258 3176 2270 3239 ι

730 3269 824 3375 quia
837 3272 973 3353 temen
992 3262 1203 3351 satisfactio
1226 3262 1268 3345 in
1291 3286 1417 3371 opere
1440 3287 1524 3343 non
1537 3256 1774 3368 aequipollet
1791 3268 1923 3373 poene
1937 3264 2275 3373 correspondenti

729 3384 790 3471 illi
810 3414 966 3497 magnae
985 3384 1143 3492 culpae‘,
1164 3378 1197 3465 fi
1217 3379 1288 3464 iste
1302 3398 1494 3488 peccator
1515 3372 1659 3470 afferat
1676 3379 2042 3473 extraordinarium
2060 3380 2274 3485 dolorem,

588 3567 590 3570 .
729 3501 788 3586 ita
806 3519 856 3584 ut
876 3498 994 3585 simul
1020 3530 1115 3585 eum
1129 3498 1210 3585 levi
1230 3496 1473 3606 poenitentia
1486 3494 1662 3603 injuncta
1683 3499 1941 3609 aequipolleat
1960 3512 2093 3613 poenae
2116 3504 2275 3589 corres-

520 3674 540 3743 .'
579 3656 584 3663 ’
647 3680 652 3685 Δ
729 3617 932 3729 pendenti
953 3616 1010 3701 illi
1031 3642 1194 3725 magnae.
1207 3616 1369 3721 culpaet
1401 3635 1498 3701 tunc
1535 3612 1685 3703 virtute
1704 3616 1982 3721 sacramenti,
2004 3619 2157 3707 nedum
2176 3622 2277 3707 libe-

721 3739 880 3829 ratura
896 3736 1016 3846 culpa
1036 3795 1051 3836 ,
1075 3732 1145 3819 sed
1162 3731 1287 3817 etiam
1301 3732 1323 3813 ὲ
1335 3758 1468 3842 poena.
1482 3730 1540 3819 Et
1556 3730 1644 3821 haec
1667 3732 1756 3823 sane
1769 3738 1826 3823 est
1838 3736 2018 3851 legitima
2037 3738 2273 3869 intelligen-

558 3884 561 3893 ·
726 3856 926 3942 tiatotius
943 3856 1062 3963 hujus
1081 3848 1323 3964 quaestionis.

787 3976 925 4059 XXII.
956 3974 1117 4072 Porro,
1137 3968 1248 4083 quod
1261 3996 1375 4055 mens
1395 3962 1596 4092 ludim,
1615 3969 1723 4080 quod
1738 3992 1783 4058 ut
1800 3972 2033 4061 remittetur
2045 3972 2164 4083 culpa
2176 3940 2275 4074 ,”ιε-
2300 4043 2308 4053 .

728 4092 905 4203 quirinu
923 4092 1110 4177 voluntas
1138 4085 1408 4176 satisfaciendi
1428 4086 1479 4173 ad
1500 4090 1854 4198 proportionatam
1876 4091 2147 4201 aequalitatem
2180 4120 2275 4207 cunr

729 4209 1088 4321 peccato‚constat
1105 4235 1161 4291 ex
1171 4208 1257 4316 ipso
1268 4264 1286 4309 Δ,
1310 4207 1402 4318 quia
1423 4202 1474 4321 ad
1490 4206 1765 4297 remissiouem
1779 4210 1938 4321 culpe,
1953 4210 2275 4320 pratercontri-

531 4372 554 4387 ··
729 4328 888 4437 tionem
907 4330 950 4411 ἃ
972 4324 1264 4411 confelltonem
1286 4384 1301 4428 ,
1328 4327 1489 4435 semper
1509 4326 1681 4435 requirit
1695 4326 2006 4425 satisfactionem
2019 4328 2170 4433 talem,
2186 4354 2275 4439 quae

552 4478 561 4504 ·
728 4442 1114 4557 ίίῑριοροιιίοιιιιῑε,
1135 4445 1203 4530 Sic
1222 4443 1292 4529 lib.
1315 4446 1415 4531 sent.
1435 4446 1571 4555 quest.
1585 4472 1656 4551 49.
1678 4475 1800 4561 agens
1814 4447 1865 4533 de
1885 4445 2012 4533 modo
2029 4474 2112 4558 quo
2128 4458 2275 4557 pecca·

728 4586 799 4651 tor
811 4565 945 4677 potest
959 4590 1055 4651 cum
1075 4563 1204 4675 gratia
1224 4562 1312 4650 Dei
1326 4564 1438 4651 exire
1461 4560 1512 4651 de
1536 4586 1732 4673 peccato,
1745 4564 1796 4677 ad
1811 4563 2086 4654 differentiam
2103 4566 2275 4653 Demo-

727 4682 906 4794 n'ts,·qui
922 4712 1006 4771 non
1028 4685 1187 4794 potest,
1210 4682 1266 4767 ait
1288 4715 1299 4766 :
1325 4714 1351 4753 ιι
1365 4681 1711 4781 Verumtamensr
1732 4712 1929 4796 peccator
1949 4683 2123 4769 multllm
2136 4682 2274 4769 multi·-

725 4840 757 4885 n
782 4800 906 4911 plicat
928 4803 1044 4889 suum
1060 4800 1287 4915 intelligere
1310 4802 1352 4887 in
1375 4800 1614 4907 objectanda
1633 4804 1808 4905 Deum,
1831 4808 1876 4889 δι
1896 4802 2176 4911 sua'attributa
2196 4862 2211 4903 ,
2229 4804 2275 4887 dt

594 5024 600 5035 ·
649 5018 653 5025 Ι
728 4953 758 5001 n
779 4920 980 5009 uilitatem
993 4920 1182 5032 peccati,
1202 4921 1365 5030 culpam
1387 4927 1429 5007 dt
1452 4948 1617 5030 poenam
1635 4920 1875 5011 infernalem
1898 4908 1941 5009 dt
1962 4920 2168 5007 coele'stem
2184 4920 2276 5034 glo-

726 5076 757 5119 o
781 5038 884 5126 riam
904 5035 983 5141 ,Er
1013 5039 1169 5156 multqtn
1197 5037 1324 5149 diligit
1343 5068 1454 5151 agere
1471 5043 1731 5149 penitentiam
1768 5038 1819 5127 d'e
1842 5038 2091 5139 commillis,
2114 5059 2213 5125 tunc
2235 5038 2276 5126 se

726 5190 758 5239 n
781 5152 960 5266 disponit
970 5156 1023 5243 ad
1040 5151 1269 5243 habendam
1287 5158 1579 5245 contritionem
1597 5164 1640 5246 dr
1658 5160 1968 5271 poenitentiam,
1992 5160 2033 5244 dt
2048 5185 2152 5243 mox
2164 5156 2275 5243 venit

723 5273 1010 5408 qtgmuuDei
1030 5273 1424 5366 amnites-iterun
1445 5282 1488 5365 dc
1512 5276 1692 5389 justitie,
1726 5282 1819 5389 th'e
1839 5271 2273 5418 dc‚‚proprlo.'arnabili

904 5394 1030 5475 th't'
1533 5464 1541 5470 .
1637 5476 1641 5488 ,
