5150 6667
714 653 804 757 250'
858 627 1198 732 vrunr‘c.
1260 623 1500 736 subn.
1560 635 1711 736 ros.
1740 639 1839 738 111.
1870 647 2031 743 nun
2061 657 2135 746 11.

709 789 802 874 ciali
822 786 1047 872 mortalitate
1066 783 1259 896 generalis
1279 816 1381 868 mors
1401 803 1604 874 morerentr
1623 819 1643 891 ,⁰
1661 793 1704 874 δι
1740 819 1780 874 n.
1805 818 1842 902 ς.
1865 793 1920 878 ait
1941 826 1954 878 t
1974 784 2126 884 ideireo
2152 825 2258 886 mors·

711 906 851 1013 christi
879 907 1001 988 extitit
1020 901 1228 1014 seeundtlm
1248 901 1394 1014 cursem
1427 907 1651 990 naturalem.
1679 907 1730 991 In
1750 907 1850 994 Asb
1874 912 2076 1024 Christian.
2107 916 2173 1004 tit.
2208 919 2256 1002 ele

592 1023 594 1028 ’
712 1025 901 1109 Brancbis
924 1080 939 1122 ,
966 1051 1005 1103 n.
1036 1051 1069 1104 1.
1095 1019 1218 1104 docet
1235 1018 1453 1105 humanam
1471 1021 1624 1130 Qhristi
1642 1045 1825 1110 naturam
1843 1027 1924 1115 esse
1947 1058 2001 1116 ex
2013 1053 2155 1118 natura
2173 1036 2257 1121 ele-

713 1141 902 1241 mentali,
920 1138 1123 1252 vegetali,
1146 1137 1338 1238 sensuali,
1349 1137 1578 1250 imaginali,
1598 1146 1639 1226 &
1655 1141 1841 1230 rationali
1859 1205 1872 1247 ,
1888 1151 1930 1232 ἀ
1949 1149 2059 1258 qubd
2068 1150 2256 1261 sentiebat

705 1289 778 1369 per
798 1283 972 1342 naturam
1000 1255 1252 1340 elementalem
1268 1255 1455 1355 ‚ealorem
1483 1254 1524 1341 dt
1543 1257 1834 1367 frigiditatem.
1856 1262 1899 1350 ἃ·
1916 1283 1989 1375 per
2013 1271 2255 1378 vegetabilem

711 1379 914 1486 appetitam
934 1378 1098 1459 babebat
1114 1371 1170 1456 ad
1187 1373 1450 1455 comedendum
1479 1369 1765 1460 &bibendum‘.
1835 1439 1846 1462 .
1864 1383 2014 1465 Idcirco
2042 1411 2127 1470 erat
2146 1417 2258 1471 verus

711 1497 820 1578 bomo
850 1490 1082 1578 &utebatur
1100 1488 1378 1573 conditionibus
1393 1490 1634 1575 naturalibus
1657 1497 1949 1596 naturaliter&
1972 1502 2136 1587 virtuosi
2159 1537 2180 1606 ,·
2214 1510 2257 1590 er

532 1653 539 1668 ·
713 1632 754 1696 n.
774 1641 810 1696 2.
826 1612 925 1722 Qua
939 1611 959 1714 (
974 1631 1115 1693 natura
1134 1605 1299 1718 divina)
1322 1606 1466 1690 ratione
1479 1608 1758 1714 eonjumHionis
1773 1643 1857 1697 cum
1870 1619 2038 1701 buamna
2049 1622 2259 1733 attingebat

703 1729 879 1842 samem,
900 1725 1043 1838 fitim‘,
1064 1725 1225 1809 colorem
1255 1720 1296 1808 ἃ
1308 1721 1575 1834 frigiditatem.
1614 1727 1618 1734 ’
2104 1737 2119 1764 ·

773 1849 864 1929 XX.
889 1843 1062 1929 Collatis
1085 1839 1264 1926 addubtis
1284 1839 1395 1924 Lulli
1409 1839 1599 1928 doctrinis
1611 1874 1706 1932 cum
1720 1847 1898 1932 textibus
1917 1877 1969 1935 ex
1981 1851 2051 1935 lib.
2071 1853 2255 1941 Sentent
2363 1947 2369 1952 ,

713 1965 833 2074 supra
853 1961 1088 2071 produlbis,
1112 1964 1153 2044 ἃ
1176 1958 1380 2068 perpensb
1403 1959 1536 2070 ipsum
1548 1962 1698 2072 ubique
1721 1985 1862 2053 tenere
1878 1966 2086 2053 Christum
2103 1971 2259 2080 passum

713 2077 857 2180 fuisse,
881 2079 974 2189 quia
998 2075 1051 2162 fic
1075 2077 1227 2179 voluit,
1251 2073 1467 2161 deducitur
1489 2078 1603 2190 quod
1621 2082 1738 2192 supra
1760 2085 2048 2193 exposuimus,
2065 2087 2258 2176 videlicet

404 2197 409 2206 '
482 2297 487 2308 Ι
633 2206 660 2278 ⁸
713 2198 938 2309 paffionem
961 2201 1003 2281 tc
1027 2217 1206 2280 mortem
1228 2193 1380 2278 Christi
1398 2192 1480 2280 esse
1507 2199 1758 2300 naturalem,
1786 2222 1911 2310 prout
1926 2207 2106 2304 naturale
2128 2234 2259 2318 oppo-

714 2317 826 2418 nitur
843 2314 1108 2413 miraculoso,
1122 2342 1205 2399 non
1221 2308 1449 2397 autemesse
1464 2317 1688 2400 naturalem
1702 2375 1716 2416 ,
1730 2339 1856 2425 prout
1869 2322 2049 2407 naturale
2064 2324 2260 2435 importat

716 2434 975 2519 intrinsecam
996 2429 1324 2532 ordinationem,
1346 2429 1536 2539 pondus,
1559 2437 1602 2518 ἂ
1621 2433 1898 2520 necessitatem
1915 2441 2140 2538 naturalem
2158 2473 2170 2536 t
2191 2443 2260 2528 sed

717 2552 878 2638 tantbm
899 2547 979 2634 effe
1003 2546 1321 2648 accidentalem,
1345 2552 1387 2631 δι
1405 2575 1459 2632 ex
1481 2550 1595 2634 causa
1616 2551 1870 2647 extrinsecat
1899 2560 1941 2640 bc
1967 2557 2048 2642 hoc
2071 2558 2183 2644 idem
2197 2561 2261 2646 iu·

714 2698 843 2755 nuere
865 2667 1056 2752 videntur
1083 2666 1141 2750 illi
1164 2667 1385 2774 Scriptura
1409 2685 1579 2770 textus,
1611 2669 1681 2777 qui
1709 2667 1872 2757 Christo
1896 2673 2120 2784 passionem
2148 2681 2263 2762 attri-
2435 2711 2445 2733 ·

715 2789 847 2874 buunt
869 2785 960 2895 quia
971 2784 1128 2876 voluit;
1148 2779 1179 2866 fi
1198 2783 1310 2870 enim
1324 2782 1410 2888 ejus
1434 2785 1609 2869 humana
1626 2807 1768 2872 natura
1782 2786 1961 2877 terrem
1977 2790 2030 2879 de
2053 2793 2164 2900 stad
2176 2797 2262 2880 illas

632 2991 636 3000 ,
716 2905 916 3017 pastiones
932 2963 946 3003 ,
961 2905 1003 2986 bc
1026 2899 1193 2986 tandem
1208 2901 1259 2986 ad
1274 2900 1447 2986 totalem
1466 2900 1769 3005 defestionem,
1791 2935 1874 2992 non
1893 2909 1960 2992 illa
1980 2909 2112 3022 paffits
2125 2911 2261 2998 fuiss'et

334 3020 341 3030 '
419 3073 423 3082 ·
452 3109 457 3122 ,
717 3023 903 3110 Christus
925 3019 1018 3131 quia
1038 3019 1205 3121 voluit,
1231 3018 1303 3104 sed
1323 3020 1515 3129 quiahoc
1541 3022 1678 3134 exegit
1708 3022 1794 3130 ejus
1824 3045 2002 3127 natura,
2039 3029 2149 3141 quod
2174 3019 2257 3141 ipse

348 3139 362 3239 J
392 3163 415 3228 ·.,
429 3129 518 3242 ’.,.,--;,.
534 3129 583 3249 3³
597 3146 609 3184 ·'
715 3139 896 3226 volendo
915 3136 1098 3240 admifit,
1118 3166 1201 3222 non
1225 3137 1398 3222 causavit
1421 3167 1431 3218 ε
1454 3133 1509 3222 fic
1532 3139 1665 3239 Isalae,
1693 3164 1759 3249 54.
1784 3169 1824 3239 7.
1847 3140 1998 3228 dicitur
2016 3177 2027 3228 ε
2043 3149 2192 3232 oblatus
2209 3149 2262 3254 esl

352 3249 371 3262 ”
716 3262 806 3372 puio
829 3254 951 3368 ipset
1016 3259 1047 3340 it
1068 3287 1079 3350 3
1100 3259 1142 3340 δι
1161 3254 1273 3340 loen.
1301 3284 1364 3338 10.
1389 3252 1402 3338 i
1411 3285 1450 3364 7.
1469 3256 1554 3364 Ego
1568 3271 1669 3366 potio
1686 3260 1853 3342 amimam
1869 3291 2003 3346 meam.
2026 3267 2151 3349 Nemo
2165 3267 2262 3350 tollit

601 3471 604 3478 ,
716 3389 802 3460 eam
823 3379 848 3460 d
872 3405 929 3458 me
1057 3405 1126 3484 ego
1141 3403 1244 3481 pona
1258 3402 1340 3455 eam
1362 3376 1387 3455 d
1406 3403 1463 3455 me
1480 3369 1559 3482 ipso
1571 3371 1646 3476 ;&
1666 3376 1785 3461 loon.
1808 3405 1871 3460 12.
1891 3407 1956 3487 27.
1971 3381 2262 3465 'Nunenrrbota

713 3495 911 3603 'eslanima
929 3523 1009 3576 mea
1034 3529 1046 3575 :
1071 3491 1224 3601 adquae
1241 3494 1368 3577 verba
1381 3490 1438 3572 D.
1449 3490 1718 3602 Augustinus,
1737 3493 1778 3576 T
1781 3499 1874 3578 rest.
1898 3524 1960 3606 μ.
1980 3496 2020 3580 in
2040 3497 2153 3583 Joan.
2175 3499 2259 3582 ait:

715 3614 808 3695 Nor
825 3613 864 3693 in
877 3606 920 3720 se
942 3609 1160 3717 transtulit,
1187 3639 1257 3692 nor
1279 3610 1319 3689 in
1331 3606 1375 3716 se
1389 3604 1577 3718 fitsiepit‚
1603 3611 1892 3718 eaputnoslrum
1909 3616 2150 3698 membrontm
2162 3614 2260 3727 fito·

715 3759 800 3812 rum
821 3724 983 3838 sescepit
999 3723 1207 3838 afflilum,
1231 3722 1272 3810 Cr
1293 3726 1376 3809 ideo
1396 3728 1447 3808 ab
1468 3726 1597 3836 aliquo
1615 3757 1691 3810 non
1713 3727 1765 3834 est
1776 3732 1964 3815 turbatum
1978 3790 1992 3831 ,
2003 3729 2076 3842 sed
2082 3790 2096 3833 ‚
2101 3732 2204 3843 secut
2216 3735 2263 3817 de

714 3845 786 3929 'illo
805 3846 946 3930 dit‘lum
966 3847 1049 3954 esl,
1075 3846 1159 3926 clem
1190 3845 1379 3955 Luporum
1407 3839 1606 3954 siscitaret
1629 3900 1643 3946 ,
1667 3847 1835 3929 mrbavit
1856 3844 2105 3959 semetipfiem.
2144 3849 2265 3935 Idem

721 3962 877 4047 ibidem
899 3965 1037 4047 Trast.
1061 3989 1132 4066 49.
1160 3962 1259 4072 Quis
1283 3963 1381 4070 enim
1411 3988 1493 4043 eum
1517 3960 1669 4077 peffet,
1695 3961 1767 4074 nist
1786 3959 1949 4074 seipfitm
1971 3964 2048 4077 ipse
2064 3969 2275 4052 ‘turbares'

724 4080 915 4165 Turbaris
933 4105 972 4163 tu
994 4077 1157 4181 nolens,
1189 4080 1362 4164 turbatus
1384 4079 1434 4186 esl
1456 4078 1625 4186 Clerisbes
1650 4082 1739 4190 quio
1759 4080 1889 4166 voluit.
1923 4081 2092 4194 Efitrivit
2114 4083 2227 4195 ‚lestis
2241 4105 2265 4186 ’,

722 4227 849 4281 verum
869 4196 920 4304 est
937 4257 950 4297 ,
960 4195 1034 4307 sed
1047 4199 1136 4308 quio
1159 4197 1278 4280 voluit
1300 4229 1313 4277 .·
1341 4221 1508 4279 mortuus
1524 4196 1579 4304 ,est
1594 4196 1738 4307 lesos,
1761 4227 1886 4282 verum
1904 4201 1983 4312 esi,
2006 4201 2081 4312 sed
2091 4204 2180 4315 quia
2198 4231 2267 4287 vo·

722 4316 805 4399 luit.
828 4314 879 4396 ln
902 4313 1006 4397 illius
1016 4314 1195 4424 potestate
1211 4338 1319 4414 erat,
1338 4311 1401 4396 vel
1411 4312 1472 4423 ste
1488 4311 1617 4422 affici,
1639 4314 1700 4397 vel
1717 4344 1793 4400 non
1811 4315 1926 4426 affici.

719 4473 722 4484 ·
781 4433 894 4514 XXI.
927 4430 1159 4542 Expresiibs
1182 4429 1293 4515 idem
1307 4429 1575 4545 Augustinus,
1597 4431 1722 4516 Trac.
1744 4439 1811 4514 60.
1823 4435 1869 4532 ,in
1888 4435 2002 4521 Joan.
2017 4435 2268 4545 cujusverba

719 4573 800 4661 pro
822 4551 862 4635 se
881 4549 1077 4663 allegabat
1091 4550 1235 4635 citatus
1254 4548 1468 4657 Philippus
1485 4547 1622 4632 Abbas
1637 4579 1647 4643 ;
1663 4578 1757 4633 nam
1775 4550 1832 4634 ibi
1841 4549 1902 4649 lic
1916 4553 2055 4637 scribit
2068 4555 2111 4636 S.
2122 4553 2265 4638 Pater:

718 4671 813 4754 Siste
834 4697 920 4778 ergo
946 4669 1013 4775 tsld
1034 4668 1115 4752 locb
1136 4692 1301 4778 propter·
1315 4664 1432 4777 ipfiem
1459 4667 1604 4755 ludam
1621 4692 1835 4777 pereuntem
1860 4661 2070 4779 mifirando
2092 4673 2267 4766 turbatus

722 4785 776 4894 efl
792 4845 806 4887 ,
817 4784 902 4897 five
916 4782 990 4895 fied
1010 4810 1124 4870 morte
1134 4787 1439 4896 propinquante,
1457 4786 1630 4867 turbante
1654 4785 1705 4894 est
1718 4787 1741 4886 ,'
1755 4814 1831 4869 non
1853 4787 2043 4895 esttamen
2058 4786 2137 4872 ulld
2153 4789 2266 4874 modes

717 4903 970 4989 'dubitandum
992 4960 1006 5002 ,
1030 4932 1106 4986 non
1133 4912 1217 4985 cum
1247 4904 1386 4987 anima
1408 4901 1623 5011 infirmitate
1642 4901 1748 5014 ,sed
1765 4901 1946 5015 potestate
1973 4908 2191 5007 mbram,
2217 4935 2267 4990 ne

722 5023 835 5108 nobit
852 5017 1056 5130 desperatto
1071 5018 1211 5130 salutis
1231 5023 1408 5120 oriatur,
1429 5019 1580 5130 quondo
1600 5079 1614 5120 ‚
1635 5051 1711 5105 non
1726 5021 1907 5132 potestate
1928 5081 1944 5121 ,
1956 5018 2030 5131 sed
2048 5023 2268 5134 infirmitate

713 5140 932 5223 ‘'uerbamur.
952 5135 1247 5249 Carnisput'ppe
1268 5139 1336 5222 itta
1354 5138 1510 5248 gerebat
1524 5138 1807 5248 infirmitatem,
1827 5169 1910 5252 pure
1925 5139 2128 5249 infirmitas
2146 5139 2268 5252 resur-

726 5255 890 5342 rtflione
911 5251 1134 5369 'eonfitmpta'
1146 5253 1201 5367 est
1216 5293 1231 5358 μ
1245 5253 1319 5366 secl
1336 5258 1454 5372 quia',
1473 5264 1556 5339 non*
1564 5251 1690 5364 solbm
1711 5259 1853 5360 berno,
1876 5247 2134 5344 vermeriam
2156 5261 2266 5346 Deus
