5150 6667
624 2058 628 2069 .
748 1997 798 2080 ea
826 1995 1033 2080 voluntate
1058 1992 1180 2079 Pater
1212 1992 1344 2106 diligit
1373 2022 1578 2107 generare¹
1591 1994 1770 2093 Filium,
1800 1993 1903 2103 quin
1926 2013 2063 2082 tamen

748 578 802 660 62
891 565 1232 657 VINDIC·
1295 566 1533 653 LULL·
1585 492 2137 664 Ton.111.l)1s1,.1.

744 708 870 795 afficit
889 708 1076 817 Verbum
1101 709 1293 815 diligere,
1322 708 1364 789 dt
1392 704 1563 814 quidem.
1572 702 1823 792 conformius
1844 703 1898 790 ad
1914 726 2160 812 contextum
2173 739 2195 804 ,¹
2219 705 2296 793 ubl

624 804 632 825 s
743 826 822 911 hoc
842 825 1011 938 diligere
1034 824 1261 931 explicatur
1282 818 1363 907 esse
1385 822 1591 931 appetitus
1613 824 1802 907 naturalis
1820 821 2043 934 generandi
2063 852 2075 914 ;
2099 826 2141 906 dr
2160 850 2291 933 prop·

743 944 856 1027 terea
877 941 1116 1052 intelligitur
1138 936 1238 1023 illud
1260 937 1428 1051 diligere
1456 936 1536 1023 else
1556 942 1688 1026 adum
1707 940 1931 1023 naturalem
1948 940 2198 1040 voluntatis,
2221 942 2291 1032 seu

721 1056 824 1145 'elle
846 1061 978 1141 aslum
994 1056 1213 1141 voluntatis
1228 1076 1274 1137 ut
1292 1076 1433 1139 natura
1445 1059 1526 1147 esta
1546 1084 1591 1141 ac
1615 1055 1799 1165 proinde,
1811 1083 1864 1141 ex
1881 1055 1952 1139 illo
1965 1084 2050 1139 non
2064 1059 2200 1166 potest
2220 1058 2291 1143 de-

745 1174 862 1275 duci,
887 1172 999 1283 quod
1013 1174 1048 1255 F
1051 1173 1141 1256 ilius
1162 1186 1382 1283 generetur
1403 1201 1479 1282 per
1500 1200 1697 1260 amorem.
1766 1242 1773 1279 ζ

803 1290 959 1377 XXVI.
978 1288 1145 1373 Deinde
1161 1316 1308 1401 ornnes
1331 1310 1534 1399 quotquot
1559 1286 1602 1403 ᾗ
1623 1304 1667 1379 ‘1·
1689 1288 1802 1376 citati
1819 1289 1938 1387 sunt,
1956 1286 2099 1375 dicunt
2116 1289 2292 1400 idipsum

746 1408 1047 1522 quodpLullus,
1062 1398 1215 1493 scilicet
1233 1406 1344 1517 quod
1364 1407 1490 1498 Pater
1507 1407 1640 1520 diligit
1652 1432 1846 1519 generare
1860 1399 1896 1489 F
1898 1405 2041 1506 ilium,
2065 1408 2194 1494 immo
2216 1411 2292 1494 ali·

746 1528 816 1639 qui
828 1524 975 1657 aperte
1005 1524 1177 1608 innuunt
1194 1524 1361 1616 Patrem
1376 1525 1586 1615 vokratate
1598 1523 1868 1610 'antecedenti
1886 1524 1990 1610 velle
2013 1552 2208 1635 generare
2223 1529 2294 1611 Fi·

676 1680 679 1685 ’
746 1644 876 1744 lium,
900 1646 942 1726 δι
961 1662 1097 1725 tamen
1117 1670 1198 1725 non
1218 1643 1397 1751 sequitur
1416 1643 1680 1751 ipsos‘tenere
1695 1701 1709 1742 ,
1727 1640 1880 1725 Filium
1892 1644 2078 1754 generari
2091 1671 2166 1752 per
2179 1674 2294 1728 amo·

747 1788 868 1847 rem:
897 1787 972 1845 nec
996 1756 1174 1842 dissentit
1193 1760 1251 1841 D.
1280 1760 1465 1844 Thomas
1491 1758 1707 1857 adduttus,
1738 1787 1849 1842 num.
1870 1788 1910 1866 7.
1936 1760 2028 1867 quia
2050 1759 2151 1846 dum
2173 1760 2294 1861 dicit,

749 1876 860 1987 quod
887 1876 1009 1961 Pater
1029 1876 1237 1970 voluntate
1270 1878 1572 1969 concomitante
1592 1876 1734 1988 genuit
1768 1875 1948 1974 Filium,
1969 1876 2295 2080 intelligitquosd
2391 1980 2395 1985 ‚

2140 2022 2178 2079 cr
2226 2026 2292 2079 o-

747 2109 799 2195 fit
818 2168 820 2175 ,
836 2111 976 2244 ipsum
1003 2107 1180 2212 docere,
1204 2111 1320 2221 quod·
1352 2112 1480 2202 Eilius
1501 2131 1719 2224 generetur
1741 2136 1817 2218 per
1836 2138 2032 2197 amorem.
2070 2112 2164 2198 Nec
2195 2020 2289 2199 ibt
2318 2154 2322 2160 ·

735 2250 808 2313 tat
835 2227 945 2338 quod
966 2228 1108 2323 Lullus
1135 2226 1278 2329 dicu,
1310 2227 1421 2339 quod
1446 2229 1522 2316 tale
1550 2228 1705 2339 diligere
1731 2227 1782 2333 est
1796 2230 1991 2336 proprium
2021 2230 2133 2312 Patri
2149 2278 2168 2328 -,
2201 2230 2301 2338 quia

749 2370 917 2445 omnes,
940 2343 1037 2432 illud
1057 2346 1348 2455 qualecumque
1372 2346 1567 2457 diligere,
1597 2342 1708 2455 quod
1721 2340 1943 2450 admittunt
1964 2346 2006 2428 in
2027 2347 2312 2457 generatione„
2373 2392 2381 2405 ·

749 2462 870 2562 Filii,
901 2457 983 2557 five
1006 2462 1282 2561 antecedens,
1308 2459 1388 2555 five
1411 2462 1720 2559 concomitans,
1743 2459 1953 2575 adstruunt
1973 2460 2052 2547 elle
2079 2464 2297 2572 proprium

749 2579 880 2664 Patris
903 2610 913 2677 5
939 2580 1031 2687 quia
1046 2580 1160 2673 nulla
1182 2579 1257 2673 alia
1278 2579 1456 2674 Persona
1478 2578 1641 2689 diligit,
1667 2578 1890 2686 vel'potest
1908 2577 2071 2691 diligere
2093 2606 2294 2690 generare

748 2696 928 2796 Filium,
952 2692 1026 2794 nifi
1047 2695 1155 2791 solun
1173 2695 1298 2799 Pater
1320 2728 1330 2787 3
1354 2725 1400 2781 ac
1421 2694 1592 2804 proinde
1615 2694 1694 2778 hoc
1720 2695 2008 2804 qualecumque
2031 2694 2199 2806 diligere
2224 2724 2301 2807 ge-

750 2840 891 2897 nerare
910 2813 945 2894 F
948 2812 1062 2895 ilium
1083 2871 1097 2913 ,
1120 2810 1230 2923 quod
1251 2841 1395 2897 omnes
1418 2812 1638 2895 admittunt
1655 2811 1697 2893 in
1719 2812 2010 2921 generatione,
2029 2808 2111 2895 five
2130 2832 2297 2896 antece-

751 2929 879 3030 dens,
901 2924 983 3014 srve
1007 2930 1316 3028 concomitans,
1344 2927 1425 3013 five
1448 2930 1717 3035 subsequens,
1740 2929 2023 3037 estproprium
2037 2927 2177 3027 Patri,
2200 2929 2296 3038 quin

748 3069 887 3131 tamen
910 3075 985 3156 per
1005 3048 1085 3134 hoc
1112 3048 1170 3133 eis
1192 3044 1314 3157 pollit
1336 3046 1526 3144 attribui,
1550 3041 1663 3154 quod
1686 3034 1916 3159 intelligunt
1936 3047 1972 3128 F
1974 3045 2090 3129 ilium
2109 3046 2298 3156 generari

779 3236 780 3239 a
805 3192 828 3245 r
846 3192 1043 3260 amorem,
1358 3248 1361 3256 ,
1627 3237 1629 3242 .
1651 3239 1657 3251 .
1731 3231 1735 3238 ,

750 3194 988 3365 PeXXVII.
1016 3280 1204 3389 Amplius
1218 3277 1267 3362 fit
1288 3279 1581 3387 evidens‘hunc
1606 3308 1690 3366 non
1704 3278 1799 3389 ‘effi’¹
1813 3281 1925 3386 L'ulli
1946 3282 2104 3373 sensum
2123 3309 2178 3366 ex
2194 3308 2296 3365 con-

751 3396 1076 3500 textuejusdem
1102 3395 1377 3506 Paragraphi;
1400 3424 1493 3478 nam
1520 3394 1752 3481 immediate
1774 3400 1865 3507 post
1891 3399 2017 3502 verba
2040 3417 2176 3483 notata
2202 3398 2298 3481 sub-

747 3514 816 3600 dit
838 3512 980 3596 Lullus
1000 3543 1010 3592 :
1032 3513 1083 3593 Et
1100 3512 1159 3621 fic
1181 3511 1342 3619 canststit
1355 3509 1450 3621 suus
1476 3516 1661 3622 appetitus
1680 3514 1868 3598 naturalis
1883 3507 2093 3625 generandi
2115 3550 2129 3598 .·
2148 3513 2298 3616 Unde,

752 3627 856 3715 ficut
873 3630 914 3711 in
929 3628 1110 3737 quolibet
1127 3649 1346 3739 generante
1370 3625 1646 3715 consideratur
1667 3632 1871 3741 appetitus
1894 3633 2083 3717 naturalis
2096 3623 2298 3745 generan-

571 3782 577 3791 ’
753 3747 795 3845 di
816 3805 831 3846 ,
849 3746 910 3829 ita
931 3745 972 3828 in
996 3744 1132 3829 diuino
1153 3744 1273 3831 Patre
1297 3776 1309 3840 3
1330 3750 1371 3830 dc
1393 3746 1486 3855 quia
1500 3747 1598 3832 illud
1612 3748 1838 3836 naturaliter
1853 3750 2008 3859 diligere
2026 3779 2214 3859 generare
2222 3748 2262 3830 F
2261 3751 2299 3830 i·
2406 3767 2417 3790 ·

751 3866 843 3949 lium
866 3865 922 3948 est
948 3861 1038 3947 suus
1066 3862 1269 3970 appetitus
1293 3864 1481 3949 naturalis
1501 3864 1754 3978 generandi,
1775 3895 1864 3957 :non
1887 3868 2019 3976 potest
2040 3865 2156 3969 dici,
2187 3862 2301 3975 quod

752 4010 827 4093 per
849 4006 1032 4067 amorem
1052 4000 1222 4093 generet
1240 4010 1251 4071 ς
1288 3976 1390 4065 ficut
1411 3983 1536 4076 etiam
1557 4003 1671 4093 patet
1692 4011 1745 4067 ex
1760 3984 2121 4095 consequentibus,
2138 3984 2211 4067 ubi
2232 3982 2298 4067 di·-

752 4102 886 4199 citur,
908 4097 1019 4208 quod
1040 4094 1109 4180 sub
1128 4098 1206 4181 hoc
1231 4100 1416 4206 appetitu
1433 4159 1446 4201 ,
1464 4099 1623 4184 bonitas
1645 4102 1798 4211 requirit
1814 4101 1991 4205 naturale
2005 4101 2208 4208 bonificare
2219 4132 2239 4201 ;
2256 4098 2300 4184 id
2362 4180 2373 4201 ,

752 4218 809 4301 est
833 4215 1011 4303 naturale
1033 4213 1414 4323 producere'boni,
1434 4221 1476 4300 dr
1496 4218 1715 4325 magnitudo
1736 4218 1910 4302 naturale
1928 4218 2200 4327 mgnficare,
2216 4220 2298 4303 dre.

745 4360 841 4443 quae
866 4332 1003 4417 omnia
1021 4358 1172 4441 purum
1194 4334 1423 4441 appetitum
1449 4333 1671 4417 neutralem
1694 4330 1938 4450 designant,
1977 4362 2061 4417 non
2097 4320 2320 4420 amorem(

754 4448 920 4533 Deinde
941 4450 981 4533 in
1000 4448 1148 4545 eodem
1173 4451 1424 4562 paragrapho
1452 4450 1871 4565 contra-distinguitur
1893 4450 2098 4563 processio
2120 4451 2300 4561 Spiritus

757 4568 916 4667 Sardi,
932 4593 1019 4676 quaa
1033 4570 1090 4652 est
1103 4594 1178 4677 per
1195 4594 1401 4668 amorem,
1420 4568 1442 4648 a
1462 4568 1715 4677 proceffione
1729 4569 1845 4662 Filii3
1862 4570 1955 4678 quia
1974 4568 2149 4677 spiritus
2169 4568 2298 4651 Sanc-

754 4704 820 4769 tus
841 4682 1061 4794 procedit,
1088 4714 1171 4769 non
1193 4711 1269 4793 per
1297 4685 1589 4796 qualecumque
1617 4685 1815 4799 diligere,
1845 4686 1915 4771 sed
1935 4713 2012 4796 per
2032 4684 2170 4785 illud,
2201 4680 2305 4795 quod

755 4803 806 4910 est
826 4832 899 4910 per
919 4802 1155 4916 reflexionem
1177 4802 1335 4884 amandi
1359 4824 1376 4904 ',·
1406 4801 1488 4886 hoc'
1508 4824 1644 4888 autem
1661 4801 1794 4886 >modo
1816 4824 1899 4889 non
1921 4801 2112 4915 procedit
2137 4802 2265 4885 Filius
2287 4832 2301 4883 ε

757 4918 906 5029 dicitur
919 4919 1042 5003 etiam
1058 4917 1171 5032 quod
1187 4919 1351 5029 spiratio
1366 4919 1423 5004 est
1436 4949 1510 5027 per
1529 4949 1691 5005 amorem
1706 4977 1719 5020 ,
1733 4947 1809 5003 non
1824 4952 1897 5031 per
1910 4939 2213 5021 nancrant3toto
2227 4946 2301 5001 au·
2369 5002 2373 5009 .

758 5060 845 5123 tem
872 5040 1014 5123 Texta
1035 5036 1247 5121 adstruitur
1268 5037 1365 5120 Filii
1385 5038 1593 5149 generatio
1608 5064 1681 5144 per
1699 5060 1874 5122 naturam
1897 5098 1912 5139 ,
1943 5042 1986 5123 a
2008 5035 2120 5148 quod
2141 5037 2302 5122 ratione

758 5156 1036 5264 huiuscemodi
1069 5156 1217 5243 amoris
1237 5154 1580 5270 dillingtunuuna
1599 5150 1813 5264 productio
1836 5157 1885 5243 ab
1904 5154 1979 5245 alia
1992 5184 2004 5249 s
2019 5160 2062 5242 ἀ
2086 5154 2176 5267 quia
2194 5166 2307 5262 pro-.
2432 5224 2436 5227 .
