5150 6667
642 734 647 747 .
758 645 902 777 „328
962 622 1585 745 tinnierunt.
1623 638 1776 729 ron.
1813 616 1921 725 111.
1958 634 2117 723 nisi.
2146 631 2242 719 iii.

650 786 654 795 ’
801 788 948 894 ,univit
969 790 1186 877 humanam
1204 808 1421 888 n’aturam,
1446 780 1817 895 tantumloquitur
1836 776 1889 867 de
1914 777 2113 891 potestate
2145 770 2363 895 ordinata}

802 934 899 1008 :non
923 928 1060 995 autem
1083 908 1134 995 de
1153 908 1344 995 absoluta.
1863 922 1867 931 '

805 1054 808 1062 ·
875 1025 994 1107 ΧΙΙΙ.
1025 1026 1256 1139 Antequam
1276 1022 1328 1108 ad
1342 1042 1490 1108 caetera
1509 1016 1749 1130 explicanda
1760 1012 2008 1128 procedam,
2022 1030 2166 1097 notare
2177 1032 2361 1122 oportet,

759 1193 764 1205 ,
816 1136 926 1223 illam
952 1142 1127 1251 primam
1154 1144 1383 1242 rationem,
1411 1140 1491 1250 qua
1519 1138 1672 1248 'probat
1696 1137 1875 1238 Lulluc,
1898 1133 2043 1219 Deum
2071 1159 2157 1216 non
2180 1126 2359 1241 potuisse

756 1346 760 1355 ,
799 1255 1012 1365 ,assumere
1036 1281 1263 1347 creaturam
1284 1258 1592 1361 irrationalem,
1614 1257 1768 1367 exponi
1788 1257 1811 1337 i
1831 1252 1946 1338 Divo
1974 1251 2167 1350 Thoma,
2187 1270 2294 1359 part.
2323 1274 2359 1357 3.

796 1401 856 1484 .q·
870 1404 912 1475 4.
935 1399 1009 1463 art.
1040 1407 1073 1461 t.
1103 1376 1174 1462 ubi
1196 1377 1434 1485 incorpore
1455 1375 1540 1459 ait:
1563 1375 1674 1459 Unde
1704 1373 1958 1485 relinquitur,
1978 1369 2083 1482 quiid
2108 1366 2358 1482 affiimptibile

664 1514 668 1523 ·
796 1493 965 1604 ,aliquid
986 1497 1136 1593 dicatur
1162 1493 1370 1603 secundilm
1396 1495 1676 1604 congruentiam
1709 1492 1767 1575 ad
1791 1492 1965 1573 unionem
1987 1486 2249 1598 praeierant,
2279 1514 2361 1597 qua

797 1612 963 1721 ‚quidem
983 1613 1226 1722 congruentia
1239 1612 1444 1695 attenditur
1455 1608 1662 1720 secundiim
1680 1610 1813 1693 duo-in
1831 1612 1998 1690 numana
2015 1628 2155 1689 namra
2169 1664 2184 1705 ‚
2193 1600 2359 1713 scilicet,

808 1725 1016 1836 secandum
1035 1729 1117 1833 ejus
1134 1730 1379 1839 dignitatem,
1394 1725 1689 1838 &neceffitatem
1699 1760 1712 1810 .·
1723 1724 1931 1837 secundum
1948 1724 2169 1833 dignitatem
2186 1723 2358 1835 qut'dem,
2411 1802 2417 1813 .

774 1852 777 1859 '
815 1848 904 1955 quia
918 1849 1085 1929 humana
1099 1872 1263 1948 natura,
1281 1848 1516 1958 inquantum
1533 1844 1796 1951 estrationalis
1815 1840 1856 1929 δ’
1872 1840 2141 1926 ἰηιεὶἱιῐὶυαὶίι
2160 1898 2175 1941 ,
2194 1864 2287 1923 nata
2309 1838 2358 1947 ιβ

816 1962 999 2072 attingere
1023 1963 1239 2077 aliqualiter
1259 1961 1377 2074 ipfiern
1398 1963 1563 2046 Verbum
1580 1961 1773 2072 persuum
1791 1961 2045 2070 operationem
2072 1955 2358 2068 ,cognoscendo

806 2074 954 2189 scilicet
969 2077 1185 2166 &amando
1203 2078 1364 2192 ipfiim...
1384 2078 1496 2164 Unde
1513 2079 1748 2192 relinquitur,
1768 2076 1961 2190 quddsola
1977 2079 2145 2160 humana
2162 2073 2358 2185 anatrafit

800 2195 1078 2309 ,affiimpribilis
1094 2231 1114 2301 ;
1142 2204 1183 2285 δι
1197 2196 1249 2283 ad
1262 2197 1485 2287 secundnm
1502 2192 1558 2282 fic
1573 2196 1739 2283 scribit:
1761 2196 1879 2316 Quod
1891 2220 2014 2281 autem
2026 2194 2153 2304 deficit
2167 2196 2193 2279 d
2206 2193 2357 2295 minori,

757 2316 760 2323 ’
794 2315 892 2423 ,ἠοη
913 2316 1026 2401 babet
1045 2318 1314 2426 congruitatem
1335 2318 1393 2399 ad
1411 2315 1456 2399 iil
1464 2373 1479 2417 ,
1500 2314 1605 2427 quod
1620 2315 1673 2423 ιβ
1689 2312 1815 2421 majus
1836 2313 1960 2423 :ficut
1979 2342 2142 2422 corpus,
2162 2313 2268 2424 quod
2283 2340 2358 2412 non

756 2440 758 2445 '
792 2430 1004 2543 1ιβιαρῑιιηι
1020 2436 1156 2542 perfici
1183 2436 1314 2519 anima
1324 2432 1507 2545 sensttivd
1527 2492 1541 2535 ,
1563 2433 1678 2517 multi
1700 2435 1826 2516 minus
1845 2432 1898 2539 ιβ
1921 2455 2050 2540 aptum
2064 2431 2203 2540 perfici
2229 2430 2356 2551 amini

790 2548 800 2647 j
814 2546 1060 2633 intelleHivtl.
1083 2548 1214 2636 Multi
1239 2577 1363 2636 autem
1385 2550 1535 2655 major,
1564 2547 1823 2661 &perfidior
1838 2549 1889 2659 ιβ
1909 2551 1998 2633 unio
2018 2547 2075 2631 ad
2087 2549 2211 2633 Deum
2223 2546 2357 2658 setun·

813 2661 904 2747 daim
926 2666 996 2782 effi
1010 2665 1236 2778 perfiinale,
1259 2670 1371 2781 quain
1385 2698 1470 2780 qun
1486 2668 1538 2776 ιβ
1546 2665 1754 2777 secundilm
1775 2668 2024 2777 operationem
2045 2664 2066 2772 (
2088 2664 2357 2780 cognitionis,

790 2784 857 2877 j&
880 2784 1058 2897 amoris,
1088 2807 1137 2870 ut
1156 2784 1378 2896 praedicit)
1401 2782 1546 2872 &iaco
1566 2811 1737 2870 creamra
1767 2785 2002 2871 irrationale
2022 2843 2036 2887 ,
2065 2814 2150 2897 quae
2169 2785 2298 2895 deficit
2309 2784 2357 2867 ab

796 2901 951 3011 ..unione
971 2904 1028 3002 ad
1043 2904 1166 2990 Deum
1178 2933 1252 3014 per
1267 2905 1546 3013 operationem,
1567 2903 1770 2987 nonhabet
1790 2904 2077 3014 congruitatem,
2096 2929 2139 2986 ut
2154 2901 2358 3019 umatusei

753 3008 759 3024 '
784 3084 790 3092 .
805 3012 1014 3125 secundum
1037 3021 1108 3135 effe
1119 3020 1315 3132 perstinale
1336 3053 1355 3123 ;
1379 3027 1420 3105 ἂ
1439 3021 1492 3106 ad
1507 3021 1696 3134 quartum
1721 3019 1854 3123 dicit,
1888 3022 1993 3133 qudd
2008 3022 2170 3131 nniverfi
2181 3021 2359 3129 plurimae

805 3161 938 3241 partes
958 3168 1036 3221 non
1050 3138 1143 3250 fiant
1167 3138 1465 3255 affiimptibiles,
1504 3165 1545 3223 ur
1564 3140 1706 3223 dicium
1731 3138 1782 3247 ιβ
1802 3172 1817 3222 .·
1856 3140 1955 3223 unde
1977 3139 2222 3253 relinquitur,
2255 3135 2361 3251 quiid
2470 3231 2471 3260 ,

804 3247 895 3358 fiala
912 3280 1050 3339 natura
1073 3260 1240 3340 liumana
1252 3256 1596 3372 fitaffumptibilis.
1738 3342 1743 3349 ,
2471 3283 2472 3362 3

870 3372 987 3457 XIV.
1015 3372 1139 3457 Circa
1160 3375 1247 3459 haec
1271 3374 1375 3457 Divi
1392 3376 1569 3459 Thomae
1582 3376 1706 3460 verba
1720 3374 2013 3462 observandum
2030 3379 2111 3479 est,
2126 3372 2238 3485 quod
2252 3402 2359 3483 eani-

812 3478 908 3567 dem
930 3487 1235 3573 conclusionem
1258 3491 1422 3591 statuit,
1453 3495 1692 3596 ac‚Lullus,
1722 3492 1915 3581 videlicet
1945 3526 1957 3577 e
1990 3494 2084 3579 Sola
2103 3498 2363 3578 humaimna·

787 3710 789 3717 Ι
810 3623 895 3683 ntra
916 3604 969 3710 ιβ
987 3604 1277 3720 affiimptilrilis,
1302 3607 1414 3718 quod
1435 3608 1547 3693 idem
1568 3613 1625 3695 est
1646 3641 1694 3697 ac
1721 3642 1733 3694 t
1766 3614 1874 3697 Deus
1894 3642 1971 3697 non
1984 3614 2110 3720 patuit
2129 3608 2214 3721 fibi·
2250 3611 2360 3695 unire

808 3744 1017 3805 creaturam
1039 3725 1325 3835 irrationalem,
1340 3717 1443 3835 ficiat
1451 3727 1532 3838 fibi
1551 3730 1676 3814 univit
1694 3732 1896 3815 maranata
1913 3754 2111 3830 noueram,
2138 3748 2266 3837 prout
2286 3756 2364 3811 re-

806 3835 927 3921 solvit
941 3839 1097 3925 Lullus.
1109 3842 1246 3929 Divus
1266 3844 1450 3929 Thomas
1464 3843 1630 3931 deducit
1644 3846 1854 3958 praefatam
1875 3841 2178 3933 conclusionem
2194 3873 2249 3930 ex
2266 3844 2364 3930 ido-

803 3954 959 4049 neitate
974 3959 1158 4045 humanae
1178 3981 1330 4047 naturae
1344 3958 1396 4047 ad
1416 3964 1748 4077 cognoscendum
1761 3971 1804 4052 δι
1817 3964 2034 4051 amandum
2050 3964 2223 4065 Deum,
2241 3968 2286 4049 oa
2304 3990 2361 4050 ex

807 4067 1073 4164 inidoneitate
1101 4101 1296 4165 creaturae
1319 4080 1559 4167 irrationalis
1572 4083 1624 4168 ad
1637 4083 1784 4169 didam
1802 4084 2099 4196 operationem.
2144 4078 2362 4174 Funditur

808 4214 970 4301 quoque
993 4194 1136 4279 Lullus
1157 4196 1199 4280 in
1217 4198 1409 4308 praedicta
1428 4198 1650 4300 idoneitate
1671 4206 1712 4289 aa
1731 4202 2030 4304 inidoneitate,
2053 4206 2096 4289 δι
2115 4200 2280 4313 insuper
2297 4200 2362 4285 in·

807 4306 1016 4423 exigentia
1030 4311 1175 4398 divinae
1189 4314 1394 4424 sapientiae
1416 4323 1459 4403 ἀ
1480 4320 1700 4405 voluntatis
1711 4356 1731 4426 ;
1743 4343 1862 4431 atque
1877 4322 1933 4405 ita
1945 4320 2035 4431 pari
2048 4315 2362 4428 curruntpassu.

808 4424 853 4508 N
855 4448 1015 4513 ocanter
1035 4434 1160 4543 porto
1176 4434 1233 4517 est
1251 4435 1569 4538 observandum,
1584 4434 1718 4548 quiid,
1732 4438 1829 4524 licet
1849 4439 1984 4525 Divos
1999 4438 2185 4525 Thomas
2200 4438 2239 4520 in
2255 4464 2360 4546 pro-

781 4636 785 4645 ,
806 4536 1008 4653 politione
1031 4548 1204 4635 Articuli
1226 4550 1401 4663 inquirat
1415 4583 1426 4633 z
1440 4554 1577 4639 Utriirn
1593 4582 1732 4642 namra
1745 4560 1913 4643 humana
1915 4556 2037 4669 fuerit
2049 4558 2176 4667 magi‘s
2187 4554 2360 4670 affirmp·

804 4662 968 4747 tibilisd
990 4668 1093 4749 Filio
1114 4669 1218 4769 Dei,
1235 4673 1350 4781 quiim
1375 4660 1505 4783 aliqua
1521 4672 1602 4756 alia
1624 4678 1829 4760 creatura?
1844 4674 2005 4761 Tamen
2027 4675 2068 4758 in
2091 4668 2361 4761 conclusione

805 4782 1072 4867 inabsoluti
1093 4790 1134 4869 ὃ(
1157 4784 1328 4894 positivi
1353 4789 1542 4892 resolvit,
1556 4793 1666 4903 quod
1679 4792 1767 4904 fiila
1780 4818 1919 4878 natura
1934 4791 2168 4903 humanafit
2182 4788 2359 4907 affitmp-

780 4897 923 5031 ¹tibilir
944 4959 958 5001 ,
991 4904 1034 4986 ἀ
1063 4902 1173 5011 quiid
1193 4906 1357 5018 universi
1378 4898 1558 5016 plurimae
1569 4938 1702 5020 partes
1721 4942 1799 4995 non
1813 4908 1908 5022 fiant
1925 4909 2212 5027 affitmptibiles.

683 5064 687 5077 ·
862 5016 956 5103 XV.
980 5018 1203 5105 Observare
1222 5024 1345 5109 etiam
1370 5048 1564 5137 oportet,
1585 5028 1697 5137 quod
1718 5028 1853 5117 Divus
1875 5027 2100 5116 Bonavent.
2120 5057 2176 5115 ex
2194 5024 2363 5131 relatis,

803 5158 915 5217 num.
944 5138 1190 5250 pquamvis
1212 5138 1254 5223 in
1276 5144 1338 5229 tit.
1362 5146 1497 5254 quaest.
1527 5174 1562 5229 i.
1585 5145 1671 5232 din
1698 5176 1736 5231 2.
1759 5147 1801 5233 in
1829 5172 1866 5257 3.
1889 5168 1982 5263 agat
2007 5146 2060 5247 de
2083 5145 2225 5253 majori
2242 5172 2361 5232 con-

781 5251 977 5371 gruitate
998 5254 1051 5395 ad
1071 5257 1299 5369 unionem,
1323 5264 1461 5353 tamen
1481 5284 1655 5382 propter
1674 5262 1865 5358 eamdem
1891 5264 1998 5357 Divi
2018 5266 2195 5379 Ilionae
2227 5264 2363 5351 ratio-

2255 5410 2364 5473 nem

1207 5572 1214 5587 .
1251 5530 1272 5575 r
1352 5583 1355 5594 ,
2221 5555 2246 5605 0
