5150 6667
687 619 778 740 378·
830 611 984 703 VIN
1006 604 1173 696 ch.
1219 590 2104 703 LULL.T0n.111.D,1s1.1v.

681 766 722 852 se
750 760 874 846 habet
896 754 1052 850 Pater,
1075 754 1118 835 de
1141 775 1224 833 non
1245 747 1296 831 ab
1319 743 1399 829 aiio
1418 801 1432 844 ‚
1455 736 1577 841 ideo,
1600 734 1775 849 sepofitt
1793 735 2060 851 intelligendi
2075 739 2245 827 nortem·

681 882 769 982 tis,
795 872 950 987 poterit
972 870 1081 970 dici,
1103 864 1270 951 Patrem
1288 863 1328 947 se
1350 855 1572 947 bonificate
1646 854 1864 943 oducendo
1888 854 2041 951 Filium
2053 858 2244 961 bonum,

679 997 780 1111 quia
801 997 831 1079 i
847 994 886 1078 se
912 996 954 1075 δι
972 1018 1055 1075 non
1079 987 1127 1071 ab
1142 986 1221 1072 alio
1243 982 1368 1069 habet
1390 981 1470 1069 hoc
1493 976 1593 1065 boni
1625 1004 1716 1063 care
1736 1035 1750 1077 ,
1774 980 1817 1061 δι
1839 974 1919 1061 hoc
1952 977 2010 1061 est
2040 973 2141 1089 quid
2165 977 2244 1063 bo-

685 1144 786 1205 num
807 1113 851 1197 in
874 1110 962 1221 ipso
986 1140 997 1191 ι
1020 1105 1071 1191 ad
1089 1106 1209 1189 instar
1231 1098 1437 1200 hominis,
1459 1097 1557 1213 qui,
1593 1094 1689 1179 licit
1711 1090 1809 1179 ciam
1829 1091 2012 1181 novitate
2036 1094 2244 1205 operatio·

686 1261 789 1321 num
821 1236 864 1317 ἀ
885 1256 982 1319 curn
1002 1226 1061 1316 sui
1086 1221 1346 1323 mutatione,
1377 1216 1416 1303 se
1437 1208 1636 1304 bonifieat
1662 1218 1705 1299 ἂ
1731 1206 1999 1325 magnificat,
2036 1212 2244 1325 operando

689 1352 799 1443 bona
823 1354 867 1434 δι
889 1371 954 1432 ma
985 1374 1048 1429 na
1403 1382 1422 1417 ο
2168 1385 2180 1413 ι

748 1466 910 1555 XXIII.
922 1374 1092 1549 ¹Sgimilia
1114 1486 1160 1543 ac
1183 1456 1225 1541 in
1247 1454 1371 1539 Lullo
1390 1447 1557 1563 poss'unt
1574 1447 1683 1559 apud
1700 1448 1866 1552 Patres,
1881 1451 2064 1561 quamvis
2083 1478 2167 1539 non
2180 1451 2246 1545 ed·

691 1587 817 1687 dem,
839 1582 910 1671 sed
931 1574 1188 1691 aequivalenti
1209 1572 1493 1685 expressione,
1516 1567 1731 1670 observari.
1767 1568 1828 1653 D.
1855 1566 2005 1683 Cyritt
2027 1568 2249 1659 Alexandr.

508 1729 511 1733 ·
692 1681 916 1804 Thesauri,
930 1700 1000 1787 lib.
1022 1727 1057 1783 ι.
1072 1697 1162 1806 tait.
1179 1698 1219 1777 6.
1234 1688 1286 1777 ad
1295 1693 1398 1779 hanc
1412 1689 1659 1775 Arianorum
1672 1686 1948 1795 objedionem
1966 1717 1977 1770 ε
1995 1688 2042 1774 Si
2054 1686 2248 1803 persedere

692 1827 811 1911 Pater
830 1824 872 1906 in
886 1817 961 1931 fita
984 1812 1244 1932 magnitudine
1268 1810 1347 1919 est,
1373 1839 1442 1896 nec
1462 1806 1612 1921 aliquid
1633 1804 1690 1889 od
1700 1804 1971 1917 persediooem
1985 1803 2071 1919 soa
2104 1832 2249 1895 namra

692 1942 820 2049 deest,
847 1933 1069 2053 superflui,
1094 1930 1201 2047 quofi
1217 1927 1412 2041 plenitudo
1434 1926 1602 2011 Deitatis
1616 1920 1727 2035 fiete,
1755 1924 1884 2010 Filius
1893 1922 1977 2035 stoi
1996 1924 2250 2037 adjungimre

694 2056 940 2170 Respondet
961 2057 1041 2141 hoc
1064 2048 1192 2137 modo
1215 2079 1227 2130 r
1248 2044 1446 2159 Perfec'las
1462 2048 1560 2129 certi
1579 2043 1696 2131 Pater
1715 2044 1756 2125 irt
1766 2038 1842 2152 fito
1864 2044 2124 2154 magnitudine
2142 2046 2251 2127 inve·

695 2180 802 2267 mitur
821 2210 841 2279 ‚·
858 2173 1053 2288 perfec‘dus
1075 2193 1201 2255 autern
1220 2166 1299 2276 esi,
1324 2195 1400 2248 non
1421 2161 1548 2274 solt'tot
1569 2162 1658 2276 quia
1676 2160 1783 2266 Deus
1793 2202 1812 2262 ·,
1838 2158 2046 2273 sedetiam
2062 2165 2150 2275 quia
2168 2162 2250 2245 Pa-

622 2402 625 2407 *
697 2320 756 2386 ter
776 2329 791 2379 .·
808 2321 924 2408 quare
945 2292 1011 2405 qui
1030 2291 1156 2374 Deum
1178 2310 1295 2397 negat
1311 2284 1463 2369 Patrem
1485 2278 1555 2399 effe
1569 2279 1645 2379 ,is
1656 2276 1942 2393 facunditatem
1962 2277 2132 2393 aufertd
2154 2280 2256 2367 divi.-

697 2442 754 2499 ια
774 2424 943 2510 natrira,
968 2432 1012 2497 ut
1021 2405 1104 2510 jorn
1123 2402 1293 2515 pometa
1314 2430 1390 2489 noo
1402 2398 1459 2513 fit
1474 2398 1596 2501 „ciem
1614 2399 1825 2507 generandi
1842 2400 1980 2485 viratte
1996 2425 2140 2485 careat.
2162 2399 2256 2485 'No-

700 2532 755 2621 tio
781 2556 870 2637 ergo
890 2524 1138 2637 persediortis
1149 2520 1388 2633 facunditas
1413 2516 1496 2627 est,
1523 2512 1781 2649 ἅβὸἰίίωιι,
1814 2517 1917 2629 quod
1943 2516 2073 2609 Patris
2102 2518 2258 2625 ostendit

696 2645 996 2765 Medionem,
1013 2640 1142 2736 Filius
1162 2638 1245 2748 est,
1266 2638 1332 2753 qui
1349 2635 1399 2721 etr
1414 2637 1499 2723 Deo
1513 2635 1653 2745 prodit.
1673 2693 1685 2715 .
1707 2694 1717 2715 .
1737 2692 1748 2715 .
1770 2636 1910 2721 noturd
1932 2637 2050 2747 igiter
2068 2636 2162 2744 inest
2177 2636 2259 2721 Pa·

701 2767 755 2855 tri
765 2763 1032 2880 facunditaa,
1053 2755 1194 2845 &ideo
1214 2754 1408 2867 perfidus
1427 2754 1515 2863 est,
1546 2752 1635 2866 quia
1653 2754 1798 2863 genuit·
1823 2751 1928 2840 sant
1960 2753 2072 2842 idem
2099 2755 2261 2857 sensus,

705 2879 776 2994 qui
793 2884 817 2967 i
838 2880 961 2979 Lutto
985 2875 1220 2966 intextibus
1238 2871 1389 2961 notatis
1403 2870 1455 2963 de
1473 2872 1684 2973 bonitate,
1703 2871 1950 2981 exprimitur
1966 2871 2034 2962 hic
2049 2871 2144 2959 ID.
2166 2872 2258 2985 Cy·
2343 2922 2344 2927 κ

705 3000 799 3092 tillo
815 2997 866 3091 de
880 2995 1154 3109 perfeeionet
1172 2990 1266 3110 quia
1281 2990 1396 3081 enim
1413 2990 1537 3081 Pater
1554 2992 1611 3075 est
1625 2976 1843 3101 perfectus,
1853 2990 2007 3077 nedum
2025 2992 2066 3077 in
2080 2990 2258 3094 offendo,

705 3118 779 3211 sed
799 3103 925 3209 etiam
942 3116 983 3207 in
998 3111 1238 3225 operando,
1259 3132 1307 3199 ut
1324 3108 1525 3221 perfectos
1548 3104 1599 3195 fit
1613 3108 1654 3196 in
1678 3108 1888 3219 operando
1902 3133 2071 3223 generat
2085 3114 2119 3197 F
2122 3111 2259 3211 ilium,
2421 3152 2426 3165 ·

707 3236 801 3347 quia
822 3237 910 3322 haec
932 3230 1142 3348 generatio
1165 3232 1223 3317 est
1240 3229 1356 3320 notio
1379 3225 1666 3339 perfeetionis,
1690 3232 1732 3312 ὅ(
1755 3228 1887 3321 Filiut
1906 3230 2068 3342 genitus
2090 3228 2264 3317 ostendit

707 3354 843 3441 Patris
870 3352 1166 3464 perfeetionem
1184 3382 1195 3433 e
1216 3369 1338 3460 atque
1366 3347 1422 3441 ite
1443 3346 1567 3437 Pater
1582 3342 1776 3457 persec‘ior
1796 3346 1848 3457 est
1870 3350 1959 3461 quia
1977 3352 2112 3459 genuit
2118 3408 2133 3452 ,
2156 3342 2263 3459 quast

576 3536 579 3540 .
708 3470 921 3587 generatio
938 3470 1055 3556 illum
1077 3466 1222 3557 reddat
1239 3464 1492 3578 persedumt
1512 3469 1556 3550 δι
1578 3464 1670 3575 quia
1689 3466 1711 3547 I
1728 3462 1884 3575 seipso,
1902 3471 1946 3550 ἀ
1966 3486 2043 3577 per
2063 3468 2262 3577 seipsum,

708 3614 796 3680 oon
817 3604 956 3670 autem
978 3586 1028 3667 ab
1041 3586 1118 3667 alin
1137 3612 1214 3668 nec
1236 3613 1314 3691 per
1331 3584 1482 3683 alium,
1508 3583 1632 3669 habet
1653 3609 1876 3695 generare,
1907 3582 2037 3687 ideo,
2060 3583 2091 3670 fi
2112 3585 2174 3671 fas
2205 3584 2262 3670 est
2300 3662 2304 3669 .

647 3723 650 3728 ’
711 3702 884 3804 dicere,
915 3700 1089 3813 seipsum
1110 3694 1302 3811 perficit,
1328 3701 1395 3787 vel
1416 3696 1490 3788 fibi
1516 3698 1586 3791 dat
1607 3700 1900 3810 perfeetionem
1922 3758 1939 3809 ,
1965 3703 2057 3816 quia
2088 3700 2261 3811 iseipse

709 3823 837 3919 habet
861 3822 965 3910 hanc
987 3816 1308 3931 persedionem,
1336 3838 1426 3929 quoe
1444 3820 1503 3905 est
1523 3846 1733 3933 generare.
2266 3868 2268 3875 ‹

645 4053 648 4060 ἢ
771 3940 929 4037 XXIV.
948 3935 1233 4027 Pariformiter
1253 3938 1387 4049 potest
1405 3935 1575 4025 discurri
1593 3956 1646 4022 ex
1663 3938 1749 4027 aliis
1768 3936 1938 4025 Petrum
1961 3935 2100 4025 didise
2115 3931 2170 4025 fic
2183 3930 2277 4023 Au·

711 4060 815 4175 gast.
840 4058 970 4167 Epist.
1000 4086 1081 4161 174
1102 4089 1114 4140 t
1135 4057 1266 4149 Hane
1269 4054 1548 4167 perverfitatem
1557 4056 1669 4166 pellit
1679 4074 1731 4145 ex
1742 4058 1872 4143 animo
1889 4110 1905 4163 ,
1925 4057 1992 4176 qui
2002 4056 2175 4143 didicerit
2187 4055 2270 4139 Po·

605 4231 608 4235 -
710 4202 806 4270 trem
828 4201 957 4261 verum
979 4176 1104 4265 Deum
1126 4174 1229 4307 effe,
1253 4175 1447 4286 gt‘gnendo
1470 4177 1697 4276 veritatem,
1726 4205 1803 4261 nort
1834 4175 2116 4286 participando.
2149 4172 2269 4263 Idem

543 4341 550 4358 ι
711 4292 784 4386 hb.
813 4318 850 4407 ς.
872 4311 1019 4379 contra
1041 4290 1255 4379 Memmio..
1273 4320 1363 4407 cap.
1395 4320 1458 4403 ις.
1481 4290 1671 4402 Iofhrma
1685 4294 1763 4381 Dei
1773 4293 1918 4379 Filium
1939 4292 2010 4411 effe
2027 4324 2105 4381 noa
2122 4322 2266 4407 aegas,¹

714 4406 759 4497 ἃ
769 4412 855 4526 Deo
875 4411 983 4500 Patri
993 4409 1177 4522 aqualem
1194 4440 1343 4529 negat,
1360 4410 1538 4518 majorem
1552 4412 1684 4499 Patris
1694 4410 2021 4525 firrmamputans
2038 4410 2109 4529 effe
2122 4469 2143 4515 r
2154 4413 2267 4523 qudm

712 4527 814 4620 Fuit·
824 4558 844 4644 t
858 4553 1038 4642 tanquam
1060 4559 1138 4614 oon
1159 4531 1330 4619 habuerit
1349 4530 1468 4621 Pater
1487 4528 1586 4613 unde
1596 4526 1768 4639 formam
1780 4528 1895 4643 suam
1916 4530 2174 4641 complentia
2193 4526 2269 4615 Fi·

711 4643 769 4739 tn
784 4706 802 4748 ‚
820 4662 929 4759 quem
950 4648 996 4732 de
1009 4644 1133 4757 seipfir
1150 4651 1283 4759 genuit
1304 4677 1415 4751 ,·non
1427 4645 1588 4757 fecitex
1601 4649 1750 4751 nihilo,
1770 4678 1847 4737 non
1868 4678 1920 4738 ee
1939 4649 2032 4741 alio.
2056 4644 2175 4737 Idem
2198 4644 2269 4745 lib.

615 4860 621 4871 Ι
722 4762 861 4873 15.de
885 4764 1037 4859 Trioit.
1060 4792 1149 4883 cap.
1179 4794 1244 4867 14.
1270 4764 1436 4858 Proinde
1457 4790 1637 4880 tanquam
1650 4764 1814 4879 seiofitm
1832 4768 1962 4858 dicens
1975 4768 2120 4869 Pater,
2136 4752 2272 4887 genuit

714 4879 885 4979 Verbum
896 4883 977 4998 fibi
996 4884 1141 4994 aquoie
1160 4914 1234 4994 per
1252 4884 1381 4974 omnia
1401 4914 1412 4975 t
1435 4883 1521 4971 haec
1545 4908 1683 4977 autem
1711 4886 1913 4996 expressio
1923 4882 2089 4999 seipfirm
2109 4884 2272 4985 datas,

715 4996 879 5091 ridetur
900 4998 1133 5096 coincidere
1155 5027 1252 5090 cum
1273 5002 1342 5087 illa
1361 5002 1471 5085 Lulli
1484 4999 1528 5112 se
1550 5005 1761 5113 horrificam
1783 5036 1795 5101 5
1820 5010 1861 5090 ἃ
1886 5002 2140 5115 proptered,
2165 5029 2274 5095 cott-

715 5110 909 5209 dormiter
927 5117 979 5205 od
999 5118 1110 5203 illam
1129 5117 1215 5225 ejus
1239 5119 1482 5213 sententiam
1500 5119 1715 5206 adductam
1736 5182 1752 5222 ,
1778 5151 1893 5207 num.
1920 5152 1986 5209 12.
2010 5116 2124 5235 quod
2149 5118 2274 5210 Petet·
2295 5196 2301 5203 .

654 5268 657 5273 ·
715 5234 861 5352 genuit
873 5230 1048 5332 alterum
1068 5237 1142 5344 se,
1166 5234 1271 5347 sepe
1294 5237 1445 5356 repetit
1467 5238 1578 5358 quid
1592 5239 1715 5335 Pater
1726 5241 1872 5353 genuit
1892 5239 1937 5331 id
1960 5237 2073 5355 qaod
2091 5238 2147 5330 est
2165 5234 2275 5347 ipse.

1861 6054 1864 6061 η
2035 6045 2038 6050 -
2482 5994 2484 6037 ·

2481 6074 2483 6129 i

1468 6485 1474 6493 '
1567 6464 1568 6470 ἵ
1678 6436 1771 6491 fin
1834 6492 1855 6524 r·
1952 6502 1957 6511 =
2010 6223 2484 6525 musra)
