5150 6667
708 684 790 777 370.
859 643 1163 741 VINDIC·
1216 638 1433 765 LULL.
1478 636 1619 725 Tou.
1665 636 1964 724 III..D1sr.
2015 641 2106 730 IV.

702 800 888 892 Sanc‘ium
905 824 977 904 per
990 818 1188 889 amorem5
1206 781 1246 871 st
1264 783 1403 871 adhoc
1417 804 1647 865 concurrunt
1665 779 1861 893 aqualiter
1875 810 2005 867 omnes
2020 784 2226 895 dignitates
2245 796 2262 890 ,⁴

703 947 746 1007 ut
766 895 931 1027 Spiritus
957 898 1125 999 Sortitus
1136 906 1192 1018 fit
1218 907 1340 987 banus
1356 931 1428 1011 per
1448 900 1680 1010 bont'ficare,
1707 930 1881 1009 magnus.
1886 932 1958 1011 per
1985 906 2264 1015 magnificare,

705 1037 930 1129 &aternus
938 1061 1010 1142 per
1029 1055 1233 1124 atemere,
1261 1019 1366 1139 &fia
1378 1021 1425 1103 de
1445 1018 1536 1109 asiis
1556 1020 1747 1105 attributis
1768 1020 1995 1129 dignitatum
2018 1021 2094 1124 (id
2111 1027 2194 1126 est,
2212 1024 2265 1119 de

704 1158 792 1248 aliis
814 1150 1039 1248 attributis,
1051 1174 1144 1260 quae
1161 1144 1254 1227 sunt
1268 1140 1450 1251 ipsaemet
1465 1136 1712 1251 dignitates)
1725 1137 1895 1249 alioquin
1909 1171 1986 1225 non
2000 1140 2263 1255 effetspironu

698 1274 890 1391 perfecti,
907 1298 1024 1380 neque
1036 1265 1197 1375 spiratio
1210 1256 1475 1377 effitpersec‘sa
1483 1254 1553 1358 ,·&
1571 1246 1777 1365 dignitdtes
1793 1260 1835 1339 in
1854 1258 1923 1341 isla
1928 1257 2136 1369 spiratione
2149 1263 2263 1379 efflent

703 1392 854 1504 otiosa,
881 1387 983 1503 quod
993 1384 1045 1491 ess
1055 1378 1287 1492 itnptfflbrie.
1305 1376 1338 1459 C
1338 1374 1552 1459 oncluditur
1568 1404 1679 1483 ergo,
1693 1374 1796 1485 quod
1810 1377 1928 1461 Pater
1937 1376 2063 1487 spirat
2083 1383 2261 1489 Spiritum

704 1515 890 1603 Sant‘iunt
913 1536 996 1591 cunt
1016 1502 1258 1610 boaficare,
1281 1495 1526 1605 magnificare
1545 1552 1559 1595 ,
1578 1490 1652 1577 &a
1667 1490 1742 1603 sed
1760 1494 1800 1575 in
1818 1492 1896 1604 ipfh
1910 1494 2061 1606 spirare
2076 1498 2265 1609 fitntom-

705 1663 775 1717 aes
796 1631 908 1713 attus
924 1623 1182 1731 dignitatum,
1200 1619 1258 1699 ito
1269 1614 1344 1723 fieb
1363 1614 1507 1695 ratione
1527 1611 1686 1695 amandi
1700 1611 1829 1723 ,ficut
1846 1618 2151 1725 ingenerationi
2174 1620 2268 1703 Filii

699 1750 774 1865 firb
799 1748 945 1831 ratione
971 1737 1210 1847 intelligendi
1221 1768 1240 1838 ,·
1258 1731 1300 1821 Cr
1320 1731 1530 1841 dflinisto,
1556 1760 1640 1843 qua
1667 1731 1719 1841 ess
1739 1733 1837 1815 inter
1855 1732 1999 1818 Filium
2024 1734 2066 1821 st
2087 1738 2266 1847 Spirintm
2310 1732 2314 1741 ’

707 1868 893 1966 Sapflum
916 1856 1111 1969 ,aonfissit
1126 1858 1167 1937 ia
1185 1858 1286 1955 stoc,
1308 1852 1413 1963 pudd
1429 1853 1546 1945 Pater
1565 1849 1808 1961 intelligendo
1823 1862 1984 1961 generat
2004 1856 2179 1956 Filium,
2202 1861 2269 1943 stoc

708 1986 760 2095 est
781 1972 1079 2089 intelligendose
1097 1976 1249 2059 Patrem
1269 2034 1283 2073 ,
1305 1970 1484 2081 intelligit
1509 1968 1547 2051 F
1546 1970 1651 2053 ilium
1670 1971 1840 2079 genitum
1862 2030 1877 2071 ,
1890 1969 1965 2082 fed
1987 1976 2107 2060 Pater
2120 1977 2161 2059 in
2182 1976 2272 2059 diii..

704 2103 833 2217 gendo
857 2099 877 2203 (
902 2095 955 2187 fic
979 2092 1270 2206 corrigendum
1301 2092 1359 2175 est
1381 2118 1434 2175 ex
1456 2086 1734 2198 Manuscripto
1757 2148 1771 2189 ,
1795 2118 1901 2189 non,
1923 2092 2164 2204 intelligendo
2186 2154 2199 2195 ,
2222 2114 2270 2181 ut

711 2204 886 2313 habetur
907 2218 949 2301 in
973 2212 1172 2322 impresfis
1191 2218 1212 2322 )
1234 2210 1411 2310 Filium,
1432 2204 1613 2293 &Fatus
1634 2208 1786 2293 Patrem
1801 2267 1816 2309 ,
1829 2208 1993 2320 diligunt
2001 2208 2135 2329 steffe
2155 2244 2274 2300 unum

702 2340 929 2459 spiratorem
949 2393 965 2434 ,
986 2333 1179 2442 diligendo
1202 2360 1317 2413 unum
1331 2326 1518 2439 spiratum
1534 2356 1608 2434 per
1628 2356 1807 2410 amorem.
2141 2407 2148 2423 ,

642 2546 645 2552 ,
673 2516 677 2526 ·
773 2456 896 2543 VIII.
930 2454 980 2536 In
997 2452 1078 2540 hoc
1099 2471 1217 2535 textu
1238 2446 1433 2559 firpponit
1455 2444 1597 2532 Lullus
1617 2444 1844 2533 doctrinam
1870 2448 2274 2563 catholicam,un

715 2574 840 2678 Pater
876 2572 917 2655 in
940 2568 1149 2683 diligendo
1171 2566 1358 2669 Filium,
1390 2571 1432 2653 u
1455 2564 1583 2651 Filius
1602 2564 1644 2647 in
1677 2563 1885 2678 diligendo
1910 2566 2101 2671 Patrem,
2125 2570 2274 2681 spirant

717 2694 918 2805 Spiritum
937 2690 1149 2781 sanetum
1182 2691 1225 2773 ἃ
1245 2686 1337 2797 quia
1353 2685 1506 2769 habent
1524 2681 1575 2767 de
1595 2684 1634 2767 se
1654 2686 1929 2771 transmittere
1952 2687 2063 2771 suam
2084 2685 2273 2773 srmilitn-

714 2814 886 2912 dinem,
908 2837 985 2919 ρετ
1003 2806 1420 2893 communicationem
1442 2805 1603 2889 suarum
1617 2801 1918 2913 perfectionum
1939 2836 1952 2897 t
1976 2811 2019 2890 δι
2039 2807 2165 2896 etiam
2185 2809 2275 2920 quia
2336 2838 2339 2847 ·
2454 2824 2455 2827 ‘

715 2930 760 3026 in
782 2933 881 3016 Deo
900 2956 1044 3017 omnes
1067 2923 1339 3037 perfeuiones
1362 2924 1454 3009 sunt
1474 2923 1646 3033 aequales
1662 2954 1672 3003 r
1689 2921 1783 3007 ideo
1808 2924 1900 3033 quia
1918 2922 2044 3011 Pater
2075 2932 2118 3013 tc
2147 2928 2276 3015 Filius
2453 2962 2455 3031 τ

718 3047 908 3161 spirando
942 3047 1146 3157 Spiritum
1176 3036 1405 3145 Sentium,
1436 3041 1568 3152 ipsum
1588 3040 1824 3151 producunt
1846 3043 2032 3146 bonum,
2054 3074 2272 3161 magnum,
2454 3046 2455 3051 ‘

708 3191 941 3268 ¹aeternum,
965 3170 1046 3253 ὅτε.
1070 3170 1113 3251 δι
1140 3193 1285 3251 omnes
1309 3162 1524 3275 dignitates
1541 3160 1748 3271 aequaliter
1770 3186 2046 3266 concurrunt,
2070 3187 2273 3276 tamquam

608 3390 614 3400 ἱ
718 3288 824 3380 tatio
848 3282 1022 3401 agendi,
1045 3281 1097 3368 ad
1121 3282 1207 3391 ejus
1224 3282 1577 3394 spirationem,ut
1592 3279 1676 3391 ipse
1700 3277 1750 3364 sit
1766 3281 1900 3367 bonus
1925 3310 2000 3391 per
2026 3278 2276 3385 bonificare,

719 3406 1121 3514 intemperatum,
1143 3402 1226 3512 quo
1248 3401 1492 3513 producitur
1512 3400 1673 3499 bonus„
1694 3394 1866 3515 magnus'
1885 3428 1962 3511 per
1980 3398 2240 3517 magnificare
2263 3460 2277 3503 ,

721 3529 803 3608 &a
824 3522 943 3630 qnia,
959 3518 1032 3605 nis1
1046 3522 1102 3605 ita
1113 3518 1217 3607 effet
1235 3581 1251 3622 ,
1274 3550 1358 3605 non
1376 3517 1477 3607 effet
1499 3516 1677 3627 perfetta
1701 3520 1872 3629 spiratus
1885 3579 1900 3622 ,
1914 3542 2058 3631 utpote
2075 3552 2160 3608 non
2176 3519 2277 3609 effer

720 3636 799 3750 ipsi
813 3637 990 3749 perfetta
1015 3640 1317 3722 communicata
1331 3659 1418 3721 tota
1436 3636 1572 3722 divina
1584 3634 1752 3735 essentia
1768 3668 1864 3723 cum
1880 3640 1959 3723 suis
1979 3641 2213 3735 attributist
2239 3646 2281 3727 ὅτ

720 3760 765 3853 in
785 3757 852 3843 illa
870 3755 1089 3869 spiratione
1106 3782 1250 3842 omnes
1268 3753 1486 3869 dignitates
1506 3752 1636 3840 essent
1654 3758 1813 3873 otiosae,
1828 3757 1919 3867 quia
1941 3759 1982 3845 in
1995 3758 2060 3841 iila
2075 3786 2160 3843 non
2176 3756 2280 3845 ess‘et

720 3880 831 3971 estus
854 3875 1161 3987 uniuscujusque
1178 3903 1342 3977 aarum,
1361 3872 1474 3985 quod
1491 3876 1548 3959 est
1563 3873 1805 3985 impossibile
1819 3928 1838 3976 ,-
1850 3876 1943 3985 quia
1958 3895 2208 3986 unaquaeqne
2226 3904 2282 3963 ex

722 3998 767 4083 vi
776 3997 954 4108 proprie
968 3994 1229 4108 perfectionis
1238 3993 1411 4107 requirit
1420 3996 1554 4079 adum
1567 3994 1832 4105 propriumin
1847 3992 2281 4103 divinaprodut'tionet

725 4120 769 4203 δι
793 4114 965 4224 proinde
984 4112 1387 4226 concluditur‚qutd
1408 4112 1532 4201 Pater
1548 4118 1597 4199 dc
1615 4116 1650 4224 Ε
1653 4114 1744 4199 ilius
1767 4116 1918 4225 spirant
1933 4112 2136 4225 Spiritum
2151 4116 2281 4203 Sance

724 4252 817 4329 tum
839 4260 938 4318 cum
951 4229 1197 4335 bonificare,
1211 4230 1471 4349 magnificare
1489 4294 1505 4334 ,
1526 4237 1605 4319 &a
1626 4234 1722 4345 quia
1741 4235 1897 4321 ratione
1920 4234 2144 4336 bonitatis,
2168 4260 2284 4347 mag-

494 4427 500 4440 .
568 4450 573 4459 ¹
724 4350 950 4452 nitudinis,
970 4355 1051 4436 &a
1070 4351 1281 4463 spirando,
1303 4353 1418 4439 illum
1431 4351 1667 4465 producunt
1687 4354 1844 4440 bonum
1859 4414 1873 4455 ,
1888 4382 2113 4467 magnum,
2135 4358 2215 4439 &e
2239 4356 2282 4437 ἁ

651 4492 655 4499 ·
726 4472 821 4583 quia
835 4470 987 4581 spirant
1008 4498 1084 4580 per
1106 4470 1300 4585 diligere,
1322 4474 1452 4559 etiam
1469 4468 1721 4576 bonificare,
1744 4468 2027 4587 magnificare,
2043 4480 2125 4562 &a
2144 4472 2186 4556 in
2201 4471 2285 4581 spi-

727 4589 886 4678 ratione
914 4591 1006 4683 sunt
1027 4591 1160 4700 ipsum
1181 4591 1379 4706 diligere,
1402 4590 1484 4703 qn
1507 4588 1663 4694 Pater,
1688 4598 1730 4677 ὅτ
1755 4594 1885 4683 Filius
1908 4592 2060 4701 spirant
2083 4591 2283 4701 spiritum

728 4709 960 4810 Sentium,
979 4714 1021 4793 ἂ
1036 4704 1091 4797 sie
1110 4700 1397 4806 soluta'manet
1415 4707 1580 4819 questio
1595 4709 1730 4821 quoad
1753 4737 1897 4796 omnes
1911 4709 1971 4797 sui
1986 4734 2136 4820 partes.

787 4829 862 4913 IX.
896 4826 1159 4925 sufficienter
1181 4853 1322 4940 patere
1344 4828 1522 4922 arbitror
1538 4858 1591 4921 ex
1612 4830 1843 4938 hujusmodi
1873 4830 2010 4917 textus
2033 4829 2283 4929 reflexiore,

728 4947 938 5043 immerito
957 4970 1134 5040 taxatam
1145 4947 1261 5047 fuisse
1275 4947 1622 5039 Lullidosttinam
1635 4951 1677 5038 in
1694 4951 1767 5037 hac
1783 4951 2024 5064 quastionet
2043 4978 2161 5052 nam,
2180 4928 2285 5061 pira·
2440 4980 2445 4997 ·

728 5087 795 5161 ter
813 5069 933 5178 supra
953 5067 1226 5160 animadversa
1248 5129 1262 5172 ,
1285 5096 1370 5179 non
1393 5070 1526 5181 potest
1545 5070 1733 5181 suspicari
1745 5072 1916 5160 Rullum
1935 5070 2195 5181 praetendere
2208 5069 2286 5153 Ιτο-Ι

728 5182 920 5287 nificare,
943 5183 1225 5301 magnificate,
1240 5194 1321 5283 &e
1335 5182 1418 5275 effe
1431 5192 1540 5277 astus
1555 5188 1759 5275 distinuos
1778 5190 1827 5273 ab
1843 5190 2072 5303 intelligere
2089 5194 2131 5277 ὅτ
2147 5186 2285 5287 veile,

728 5307 776 5394 ἀ
797 5302 1000 5401 uineas
1017 5302 1238 5403 etiamesse
1250 5310 1276 5399 t
1288 5308 1579 5427 generatione,
1595 5315 1637 5398 δι
1650 5309 1892 5421 spiratione,
1904 5309 1997 5428 quia
2008 5312 2158 5425 probat
2171 5334 2291 5398 etum
