5150 6667
607 530 621 541 ⁸
765 640 820 727 54
899 518 2164 704 viuum.Lu‘tt.r0n.111.n}„,1‚
2260 630 2267 639 .

760 784 788 833 u
809 750 1008 838 Verbtnn·
1030 744 1279 855 appellamus
1310 733 1491 841 Filium,
1517 768 1615 825 cum
1632 736 1756 824 Pater
1777 744 1820 827 δι
1844 738 1971 823 Filius
1990 737 2157 823 relative
2178 742 2219 826 se
2237 742 2325 826 ha·

759 912 787 952 n
811 870 964 957 beant;
988 854 1030 949 a
1052 862 1104 947 ad
1126 863 1238 970 cujus
1266 860 1302 943 F
1304 859 1362 944 ilii
1377 859 1687 972 generationem
1701 856 1941 941 naturaiiter
1959 881 2208 945 concurrunt
2220 890 2313 945 om-

759 1028 787 1069 n
813 1012 884 1071 nes
904 988 1010 1067 attus
1032 981 1239 1065 rationum
1259 976 1375 1079 Dei,
1394 978 1497 1071 uth
1499 975 1589 1061 ilius
1611 976 1850 1061 naturaliter·
1865 970 1919 1059 'srt
1941 974 2101 1077 bonus,
2121 1006 2313 1091 magnus,

762 1144 789 1185 n
815 1101 918 1189 ficut
943 1102 999 1187 est
1020 1101 1204 1208 sapiens,
1224 1100 1272 1179 dt
1297 1091 1351 1179 fic
1374 1093 1427 1177 de
1450 1092 1572 1178 Patre
1592 1123 1608 1178 r,
1627 1092 1749 1181 Unde
1760 1150 1782 1204 9
1808 1093 1905 1177 Cum
1932 1092 2204 1205 Raymundus
2227 1099 2313 1183 haec

762 1265 788 1304 η
815 1221 952 1305 omnia
976 1214 1080 1301 vidit
1102 1214 1153 1299 de
1180 1212 1411 1297 necessitate
1435 1211 1626 1318 rationis,
1645 1211 1777 1294 tenuit
1798 1210 2083 1296 affirmativam
2105 1213 2157 1299 de
2179 1216 2315 1325 supra·

759 1382 791 1423 n
815 1338 919 1423 dista
941 1334 1186 1448 quaeffione',
1218 1350 1265 1417 ut
1281 1328 1516 1438 supradittae
1528 1305 1800 1438 p'lerfeftiones
1823 1326 1966 1415 sintin
1989 1330 2125 1430 Deo,
2157 1332 2198 1416 in
2233 1363 2313 1445 quo

740 1478 789 1539 ‘n
815 1454 943 1542 essent
960 1456 1002 1536 in
1024 1448 1281 1561 privatione,
1308 1444 1341 1530 fi
1360 1446 1547 1561 negativa
1572 1445 1689 1551 hujus
1711 1446 1938 1555 quaestionis
1962 1445 2188 1535 secundum
2210 1453 2329 1537 veri·-

761 1616 789 1659 u
815 1595 943 1658 tatem
967 1567 1068 1655 esset
1083 1620 1086 1627 ·
1099 1565 1289 1652 tenenda.
1970 1587 1972 1590 ·

821 1692 918 1777 XII.
947 1690 1014 1773 Ex
1038 1704 1132 1771 toto
1152 1686 1233 1771 hoc
1256 1682 1435 1768 discursu
1459 1702 1574 1792 patet
1593 1677 1752 1767 afl'ertio
1767 1680 2021 1792 'Lulli,·quat
2043 1685 2101 1769 est
2122 1684 2313 1771 resolutio

762 1804 992 1922 praepofitae
1022 1802 1280 1914 questionis,
1303 1800 1457 1887 scilicet
1479 1798 1590 1909 quod
1610 1799 1739 1885 ⁴Pater
1756 1801 1900 1910 genuit
1915 1802 1952 1883 F
1955 1802 2072 1885 ilium
2096 1801 2148 1887 tle
2172 1805 2314 1889 neces-

764 1914 856 2013 sitat
911 1944 1063 2009 naturae
1086 1954 1098 2015 ς
1118 1928 1164 2008 &
1185 1917 1300 2035 quod
1326 1919 1450 2004 Pater
1473 1917 1711 2004 neutraliter
1731 1916 1865 2026 ipsum
1894 1918 2115 2026 producit,
2146 1925 2194 2005 tc
2213 1922 2316 2032 quid

763 1956 1006 2153 inntffimdo
1022 2038 1183 2152 sttipfitm
1210 2036 1436 2121 neutraliter
1461 2036 1623 2144 concipit
1643 2032 1691 2120 ’ἃ
1711 2058 1871 2145 gerrtrar
1888 2036 1933 2117 V
1928 2033 2096 2138 erbum,
2127 2038 2241 2147 quod
2261 2040 2316 2123 est

765 2161 906 2253 Filius.
933 2162 1027 2243 Hoc
1053 2186 1082 2268 p
1161 2176 1204 2241 at
1225 2154 1368 2260 Lullus
1391 2180 1510 2237 exeo
1535 2151 1648 2262 quud
1664 2152 1810 2253 Deus,
1836 2152 1934 2239 curn
1954 2181 2100 2249 ornnes
2121 2157 2202 2241 suae
2220 2178 2315 2266 per-⁴

763 2278 960 2365 sectiones
981 2269 1061 2360 fint
1089 2304 1125 2359 ae
1153 2274 1297 2373 uades,
1329 2270 1453 2357 debet
1472 2271 1619 2355 habere
1641 2267 1863 2356 intrinsece
1886 2274 2065 2359 naturale
2092 2268 2316 2359 bonificare

759 2388 1060 2509 magnificare,
1090 2399 1172 2478 &c
1197 2388 1445 2497 ficuthabet
1466 2386 1679 2472 intrinsece
1704 2389 1883 2473 naturale
1898 2388 2126 2504 intelligere
2146 2398 2319 2498 &ema-

585 2547 589 2551 ·
727 2514 751 2606 ,’
767 2542 811 2599 re
832 2544 845 2605 t
871 2518 913 2597 ἀ
941 2512 1033 2622 quia
1052 2511 1170 2596 Deus
1191 2539 1274 2593 nou
1295 2508 1428 2617 potest
1454 2505 1627 2615 seipsum
1648 2502 1871 2593 bonificare
1891 2566 1905 2608 ,
1927 2504 2215 2619 magnificare,
2235 2514 2317 2593 &a

620 2665 632 2686 ·
767 2627 870 2715 ficut
889 2632 928 2715 se
955 2628 1181 2741 intelligere
1212 2632 1254 2711 δι
1276 2652 1439 2724 amare,
1461 2620 1683 2709 necessario
1696 2623 1900 2733 sequitur,
1915 2624 2025 2733 quod
2042 2625 2160 2741 Deus
2179 2626 2230 2710 de
2255 2626 2319 2711 se-

767 2749 853 2858 ipso
878 2742 1078 2833 bonificet
1096 2739 1395 2843 mirificatum,
1421 2746 1464 2825 &
1486 2738 1541 2825 fic
1561 2742 1602 2825 in
1625 2741 1722 2825 Deo
1745 2744 1803 2825 est
1824 2740 2116 2851 producens&
2137 2744 2318 2851 produc·

767 2886 864 2965 tus,
890 2865 1043 2949 scilicet
1063 2858 1288 2948 horrificans
1309 2854 1638 2974 &beatificatum
1663 2863 1704 2943 ἃ
1728 2859 1820 2969 quia
1838 2858 2072 2969 producens
2093 2858 2145 2945 de
2174 2861 2244 2943 sua
2258 2861 2318 2943 es-

767 2984 893 3091 sentia
912 2988 955 3067 &
983 3003 1124 3066 natura
1144 2977 1337 3090 producit
1355 2974 1627 3085 produtlum,
1659 2975 1752 3060 ideo
1776 2977 2007 3085 producens
2028 2979 2086 3062 est
2101 2978 2251 3078 Pater,
2277 2982 2317 3061 δι

767 3100 985 3211 productus
1014 3102 1071 3185 est
1091 3099 1218 3183 Filius
1242 3127 1253 3188 ;
1281 3100 1326 3178 ὅ(
1347 3094 1471 3178 Pater
1495 3094 1552 3178 est
1578 3093 1876 3194 intellettivus,
1913 3100 1956 3178 tc
1990 3095 2119 3179 Filius
2141 3098 2200 3179 est
2230 3093 2317 3200 eius

752 3217 985 3315 Verbum,
1009 3218 1204 3325 Quatenus
1229 3210 1494 3322 intelligendo
1514 3211 1689 3320 seipsum
1709 3212 1946 3298 naturaliter
1981 3212 2112 3323 ipsum
2134 3213 2319 3321 concipit

769 3342 812 3420 ἀ
842 3352 1039 3447 generat3
1069 3338 1111 3416 δι
1139 3332 1232 3441 quia
1251 3330 1375 3413 Pater
1393 3332 1450 3411 est
1469 3328 1628 3447 bonps,
1647 3356 1864 3441 magnus,
1899 3333 1979 3413 &o
2003 3335 2059 3416 ἀ
2083 3332 2209 3415 Filius
2241 3358 2320 3438 per

768 3452 1076 3561 generationem
1105 3446 1347 3558 producitur
1372 3446 1495 3528 etiam
1520 3445 1679 3546 honus,
1710 3475 1911 3561 magnus,
1940 3451 2020 3531 &n
2044 3448 2137 3534 ideo
2167 3447 2220 3533 ad
2241 3449 2277 3530 F
2280 3446 2315 3530 i-

770 3568 814 3656 lii
839 3566 1145 3679 generationem
1177 3561 1412 3649 naturaliter
1436 3549 1687 3677 concrssdrt
1717 3568 1860 3648 omnes
1888 3566 1996 3649 attus
2018 3564 2317 3676 perfectionum

742 3768 748 3780 ,
771 3685 857 3769 Dei
869 3742 887 3785 p,
929 3684 1020 3794 quia
1049 3683 1171 3767 Pater
1201 3677 1462 3795 generatum,
1494 3680 1625 3790 ipsum
1650 3677 1872 3783 bonificat,
1891 3678 2151 3797 magnificat,
2171 3690 2254 3771 &c
2278 3688 2318 3769 a<

771 3804 851 3889 hoc
875 3800 925 3889 de
951 3798 1181 3887 necessitate
1208 3819 1375 3883 naturae.
1953 3874 1960 3891 ,
2165 3793 2168 3802 “
2293 3854 2298 3860 -

788 3922 800 3938 ’
828 3920 947 4006 XIII.
975 3918 1132 4006 Contra
1155 3916 1390 4029 praedistam
1408 3916 1698 4003 resolutionem
1720 3917 1881 4027 ejusque
1906 3919 2108 4006 rationem
2121 3916 2181 4005 ‘stc
2205 3948 2320 4006 num.

771 4068 813 4139 4.
841 4036 972 4151 arguit
999 4037 1207 4121 Eremita:
1235 4064 1261 4104 rr
1282 4034 1554 4146 Raymuirde,
1573 4035 1797 4121 secundom
1817 4058 1858 4121 te
1871 4036 2053 4147 sequitur
2066 4037 2179 4149 quod
2193 4039 2324 4123 Sanc·
2473 4132 2479 4152 ι

611 4224 617 4235 .
771 4196 797 4237 n
822 4176 888 4240 tus
912 4154 1086 4264 Spiritus
1114 4151 1165 4239 fit
1189 4152 1348 4253 Filius,
1376 4154 1472 4235 cum
1495 4154 1537 4237 in
1564 4153 1757 4263 praediua
1775 4157 2040 4267 generatione
2063 4155 2151 4266 nei
2172 4154 2232 4241 ita
2253 4184 2325 4239 na·

755 4288 798 4356 'n
823 4272 1007 4357 nataliter
1029 4268 1079 4356 fit
1110 4300 1244 4357 amare
1266 4267 1370 4355 ficut
1389 4270 1615 4384 intelligere
1633 4302 1647 4364 a
1667 4277 1709 4357 t<
1723 4272 2015 4375 intellestivus,
2037 4272 2162 4386 quern
2183 4271 2327 4384 appel-

744 4468 748 4475 .
772 4430 800 4473 n
824 4390 881 4474 las
902 4390 1097 4491 Patrem,
1119 4392 1177 4474 est
1198 4388 1422 4489 arnotinus,
1447 4390 1588 4475 volem
1606 4416 1803 4502 generare
1821 4394 1857 4476 F
1860 4390 2008 4493 ilium,
2031 4393 2125 4504 quia
2146 4388 2177 4475 fi
2195 4392 2329 4477 nollet

773 4548 799 4590 n
825 4507 958 4616 ipsum
975 4510 1171 4622 geneiare
1195 4566 1209 4609 ,
1227 4536 1312 4592 non
1329 4528 1545 4620 generaret
1566 4508 1766 4620 :thuia
1791 4510 2157 4621 SaudusSpiritus
2175 4511 2234 4595 est
2250 4537 2331 4619 per

772 4666 800 4707 n
825 4652 1010 4711 amorem
1034 4629 1154 4715 &aest
1177 4627 1403 4713 intellectus
1421 4653 1498 4734 per
1511 4624 1778 4730 Patrem5s1c
1794 4630 1963 4713 Sentitur
1980 4628 2159 4739 Spiritus
2181 4630 2243 4713 est
2255 4654 2332 4740 ge·
2417 4681 2437 4711 .

774 4784 801 4824 n
826 4743 934 4827 niuis
952 4739 1072 4857 ‚ficut
1100 4744 1265 4839 Filius.;
1301 4749 1346 4828 δι
1369 4743 1561 4854 quiahoc
1583 4746 1642 4831 est
1667 4768 1813 4832 contra
1833 4740 1995 4849 fidem,
2028 4747 2190 4833 scilicet
2215 4745 2333 4857 quad

693 4875 707 4902 ·
775 4901 802 4944 n
828 4860 996 4946 santus
1021 4860 1198 4971 Spiritus
1221 4860 1271 4949 fit
1296 4862 1458 4962 Filius,
1486 4867 1529 4947 tc
1556 4865 1654 4947 cum
1684 4864 1810 4949 Fides
1829 4861 2112 4952 Catholitastt
2130 4864 2182 4949 de
2204 4864 2332 4950 rebus

775 5021 802 5063 n
826 4978 967 5081 veris,
1000 4978 1258 5067 concluditur
1280 4980 1392 5090 quod
1412 5001 1483 5064 tua
1503 4982 1606 5066 ratio
1621 4976 1778 5067 sttfalsa
1796 4986 1839 5069 ὅ(
1855 4984 1993 5087 nulla,
2012 4989 2055 5071 ἃ
2072 4980 2186 5096 quod
2197 5009 2334 5095 nega-
2357 4971 2361 4979 ’

777 5138 805 5183 n
830 5098 913 5185 tiva
940 5098 1167 5210 questionis
1193 5095 1243 5185 fit
1272 5096 1481 5185 tenenda·

744 5351 753 5366 ι
836 5216 953 5361 XIV.
978 5218 1037 5303 At
1058 5238 1169 5303 num.
1202 5241 1256 5328 5:
1286 5215 1562 5330 “Respondit
1582 5214 1855 5325 Raymundus
1882 5178 2051 5324 dicens,
2077 5176 2188 5329 quod
2205 5154 2333 5301 amor
