5150 6667
728 684 1617 809 nrasaur,n§.1n.
1713 656 1903 817 ''m9

355 844 523 961 quiescit
545 860 730 929 creatura
758 839 962 924 rationalis
990 837 1031 919 in
1064 836 1161 923 Deo
1184 856 1393 945 tamquam
1415 839 1456 924 in
1483 842 1644 949 objedo
1670 843 1864 933 beatifico
1891 910 1905 951 ,

308 1066 313 1073 Ι
355 967 480 1079 quia,
502 984 548 1047 ut
570 960 749 1072 explicat
771 960 914 1042 Lullus
934 957 975 1041 in
995 954 1099 1038 diua
1121 954 1339 1063 quaestione
1361 981 1397 1066 3.
1412 987 1584 1044 numero
1612 992 1649 1045 z.
1672 962 1826 1050 summa
1841 968 1907 1051 in·

353 1082 616 1197 telIIgibilitas
637 1080 677 1163 se
701 1076 980 1163 communicat
999 1072 1319 1184 intelligibilitati
1341 1073 1567 1159 intellettds
1581 1078 1715 1173 beati;
1740 1089 1781 1167 ἀ
1805 1080 1909 1171 ficut

354 1204 600 1314 pulchrum,
623 1225 794 1296 verum,
820 1198 860 1278 δι
875 1194 1033 1279 bonum
1054 1190 1258 1296 objectum
1282 1193 1434 1277 excitat
1445 1196 1675 1303 potentiam
1688 1220 1736 1282 ut
1753 1199 1802 1283 ab
1826 1201 1910 1313 ipsa

355 1319 405 1405 fit
429 1317 760 1431 apprehensum,
784 1309 838 1397 fic
862 1312 1098 1421 supremum
1128 1308 1334 1414 objectum
1353 1313 1506 1396 excitat
1529 1317 1571 1397 δι
1599 1314 1841 1423 coadjuvat,
1867 1328 1910 1406 δε

355 1440 480 1547 etiam
511 1454 654 1521 movet
677 1430 1040 1517 mtellettivitatem
1059 1426 1310 1527 intellectus,
1332 1450 1379 1511 ut
1397 1432 1446 1513 ab
1475 1431 1563 1539 ipso
1585 1429 1641 1517 srt
1662 1435 1912 1522 intellettum
2043 1426 2053 1451 ⁹

354 1554 438 1643 sme
459 1554 596 1666 aliquo
609 1552 746 1637 medio
757 1570 981 1646 extraneo,
1005 1550 1048 1630 δι
1067 1540 1120 1629 fic
1137 1543 1238 1628 dicit
1260 1546 1404 1631 Lullus
1420 1547 1533 1658 quod
1555 1549 1723 1637 effedus
1743 1554 1915 1665 quiescit

206 1743 208 1749 .
348 1676 394 1759 in
414 1675 513 1759 Deo
537 1693 744 1781 tamquam
767 1670 808 1752 in
830 1666 990 1773 objetto
1007 1658 1228 1764 beatifico,
1251 1662 1369 1748 Deus
1384 1668 1688 1754 autemdicitur
1706 1674 1913 1783 quiescere

351 1794 397 1878 in
420 1793 492 1876 suo
509 1788 659 1877 effedu
672 1811 878 1897 tamquam
899 1785 940 1867 in
956 1780 1132 1887 subjedo
1146 1780 1435 1885 beatitudinis,
1459 1786 1530 1869 seu
1546 1788 1587 1870 in
1603 1789 1781 1896 subjetio
1801 1794 1915 1903 quod

354 1912 439 2020 ipse
462 1910 581 1994 Deus
598 1901 827 2005 beatificat,
850 1932 933 1988 non
949 1922 1087 1984 autem
1101 1919 1310 2009 tamquam
1330 1900 1371 1984 in
1395 1902 1555 2008 objecto
1571 1905 1718 1991 divinae
1736 1909 1914 2015 beatitu-

356 2028 487 2126 dinis,
520 2048 641 2137 atque
671 2024 728 2141 ita
753 2022 910 2107 nullum
938 2022 995 2103 est
1013 2016 1342 2101 -fundamentum‘
1357 2021 1607 2109 attribuendi
1626 2026 1749 2111 Lullo
1769 2086 1782 2129 ,
1803 2028 1916 2140 quod

354 2146 569 2232 constituat
591 2148 724 2227 adum
747 2136 985 2227 beatificum
1007 2134 1093 2221 Dei
1116 2136 1156 2218 in
1181 2158 1379 2224 creatura.

409 2265 530 2350 XIII.
555 2263 678 2348 Patet
690 2262 825 2372 itaque
841 2258 1000 2344 nullum
1018 2250 1100 2339 effe
1119 2254 1299 2364 scrupuli
1315 2256 1452 2343 locum
1464 2259 1504 2345 in
1520 2260 1634 2346 sensu
1655 2261 1766 2350 Lulli
1779 2267 1915 2377 quoad

351 2382 590 2496 praedidum
613 2401 776 2467 textum
786 2398 1003 2475 notatum,
1023 2374 1257 2483 muneque
1278 2375 1320 2458 in
1337 2374 1471 2486 phrafi
1487 2385 1529 2465 δι
1549 2381 1674 2466 modo
1698 2384 1913 2494 loquendi,

353 2522 551 2613 quatenus
566 2500 739 2585 modum
753 2560 767 2601 ,
783 2496 867 2611 qud
881 2496 1000 2583 Deus
1020 2491 1197 2577 sehabet
1219 2490 1261 2574 ia
1283 2490 1503 2599 fruitione,
1523 2499 1603 2608 qua
1616 2509 1805 2586 'creatura
1823 2504 1914 2613 ipsd
2069 2567 2073 2576 -

352 2619 530 2721 fruitur,
554 2620 734 2729 explicat
751 2644 828 2728 per
845 2616 926 2700 hoc
949 2608 1062 2723 quim
1083 2609 1203 2695 Deus
1224 2610 1393 2722 quiescat
1412 2613 1452 2697 in
1471 2639 1676 2711 creatura;
1699 2619 1786 2705 Iiaec
1800 2623 1913 2707 enim

351 2736 508 2849 phrafis
531 2735 758 2822 conformis
780 2738 838 2821 est
856 2732 1100 2843 scripturae,
1123 2726 1165 2811 in
1188 2754 1267 2839 qua
1293 2729 1360 2813 ilia
1381 2731 1606 2836 habitudo,
1631 2740 1709 2847 qud
1731 2738 1849 2824 Deus
1867 2740 1911 2825 in

227 2873 254 2924 ⁸
354 2856 419 2939 via
437 2857 478 2942 se
496 2855 618 2942 habet
636 2854 687 2939 ad
700 2856 877 2939 animam
890 2879 968 2963 per
984 2846 1158 2963 gratiam
1172 2842 1247 2929 fibi
1266 2847 1446 2952 unitam,
1465 2853 1693 2964 explicatur
1706 2884 1783 2966 per
1797 2873 1912 2946 man·

352 2970 541 3075 fiunem,
563 2994 610 3059 ut
631 2972 795 3059 Ioannis
813 2979 851 3055 6.
878 2996 943 3081 57.
966 2968 1048 3078 Qui
1060 2964 1266 3049 munducat
1282 2995 1402 3050 meam
1417 3000 1597 3071 carnem,
1616 2969 1659 3059 ἃ
1680 2976 1909 3059 bibitmeum

346 3092 575 3206 fitnguinem
597 3094 636 3174 in
652 3122 708 3175 me
722 3116 871 3190 manet,
894 3086 1022 3197 &ego
1044 3086 1084 3167 in
1094 3114 1166 3184 eu,
1190 3088 1233 3169 δι
1262 3112 1329 3184 14·
1346 3111 1413 3197 23·
1436 3088 1602 3173 Adrum
1627 3093 1843 3194 veniemus,
1867 3091 1910 3180 δ’

353 3210 581 3322 mansionem
602 3204 710 3317 apud
723 3238 806 3297 eum
819 3207 1011 3319 faciemus
1023 3234 1043 3307 ,·
1066 3206 1107 3287 ἃ
1134 3226 1198 3311 15.
1221 3228 1263 3302 4.
1287 3229 1433 3288 manete
1451 3207 1490 3291 in
1513 3238 1599 3308 me,
1622 3205 1749 3319 &ego
1771 3213 1811 3293 in
1834 3242 1908 3295 uo·

355 3329 428 3412 bis.
471 3324 575 3413 San&
598 3324 832 3433 hujusmodi
852 3318 1076 3421 habitudo,
1109 3346 1200 3431 quae
1220 3320 1338 3404 estin
1356 3322 1419 3407 via
1442 3384 1456 3425 ,
1479 3326 1635 3411 nonest
1652 3325 1726 3413 nist
1749 3324 1908 3442 figarum

353 3437 472 3553 ejus,
497 3474 585 3556 quae
607 3444 746 3529 futura
764 3444 821 3528 est
833 3442 875 3526 iu
890 3439 1052 3529 Patria:
1071 3433 1175 3525 ficut
1189 3438 1315 3523 etiam
1337 3466 1414 3550 per
1427 3442 1638 3553 quietem,
1660 3447 1908 3558 &requiem

350 3562 437 3651 Dei
460 3564 689 3673 explicatur
709 3559 948 3655 inhabitatio
977 3556 1064 3643 Dei
1089 3558 1130 3640 in
1148 3556 1283 3643 anima
1301 3553 1416 3643 fideli
1438 3559 1659 3665 dedendi,
1693 3570 1745 3651 ὄσ
1762 3567 1910 3675 praecj.

350 3680 431 3794 pud
454 3682 494 3766 in
517 3682 668 3783 beata,
702 3680 817 3788 juxta
840 3676 941 3763 illud
961 3674 1079 3761 Eecl.
1103 3702 1170 3777 24
1203 3677 1253 3759 Iu
1276 3680 1453 3763 omnibus
1474 3682 1636 3795 requiem
1658 3682 1835 3795 quaeſsvi,
1864 3681 1911 3770 ἃ
1961 3755 1968 3770 ,

350 3802 389 3884 in
411 3801 628 3887 haereditare
649 3800 810 3883 Domini
830 3797 1007 3881 morabor
1020 3822 1121 3877 :2:22
1144 3790 1186 3881 ἃ
1206 3796 1272 3906 qui
1293 3798 1437 3881 creavit
1456 3828 1513 3881 me
1531 3801 1714 3911 requievit
1725 3804 1765 3882 in
1778 3805 1910 3885 taber·
1956 3883 1960 3892 ,
2078 3832 2083 3839 ·

349 3919 488 4003 noculo
505 3946 599 4003 meo.
637 3914 926 4001 Conformiter
941 3910 993 3997 ad
1014 3912 1093 3997 hoc
1116 3911 1174 3994 D.
1195 3912 1362 4026 August.
1381 3972 1395 4014 ,
1417 3914 1487 3999 lib.
1516 3941 1580 4025 13·
1605 3914 1789 4002 Confeff.
1812 3946 1905 4029 cap.

358 4051 423 4147 37.
447 4036 526 4120 ait:
551 4063 578 4104 u
595 4034 734 4119 Etiam
747 4056 845 4119 tunc
873 4030 949 4137 (in
964 4029 1250 4115 Sabbatovitae
1265 4038 1463 4144 aetemae)
1484 4034 1596 4118 enim
1610 4029 1665 4121 fic
1675 4036 1906 4146 requiesces

351 4192 380 4235 η
404 4154 446 4237 in
469 4153 618 4255 nobis,
641 4150 987 4264 quemadmodum
1009 4176 1120 4233 manc
1150 4149 1332 4257 operaris
1354 4150 1395 4233 iu
1420 4151 1569 4244 nobist
1594 4156 1634 4237 dr
1658 4152 1713 4237 ita
1736 4152 1817 4239 erit
1837 4156 1906 4242 illa

349 4312 379 4354 2»
398 4272 559 4382 requies
577 4290 647 4356 tua
664 4298 741 4383 per
753 4300 857 4372 nos,
876 4265 1226 4380 quemadmodum
1248 4271 1340 4353 sunt
1362 4268 1432 4354 ista
1446 4298 1574 4380 opera
1593 4291 1664 4357 tua
1677 4299 1756 4381 per
1771 4302 1905 4359 noan.

349 4390 408 4475 Et
430 4391 502 4474 lib.
522 4418 566 4489 4.
593 4388 646 4475 de
667 4389 772 4475 Gen.
795 4386 847 4475 ad
861 4389 921 4474 lit.
946 4414 1035 4497 cap.
1065 4392 1130 4469 16.
1158 4386 1279 4496 super
1301 4386 1401 4472 illud
1418 4388 1537 4475 Gen:
1566 4390 1620 4474 Et
1635 4393 1815 4502 requievit
1839 4395 1905 4477 die

206 4546 215 4561 ·
339 4505 533 4623 seprimd,
567 4502 652 4610 fic,
682 4536 795 4621 num.
823 4536 888 4617 27.
913 4505 1078 4592 scribite
1108 4532 1135 4574 ιι
1156 4505 1266 4591 Illud
1292 4534 1459 4617 quoque
1487 4505 1782 4593 attendendum
1813 4512 1903 4613 est,

347 4666 376 4709 η
401 4625 514 4737 quod
521 4624 608 4711 Dei
622 4627 807 4737 requiem
820 4685 835 4727 ,
849 4628 927 4735 qud
936 4623 989 4710 de
1006 4624 1135 4733 seipso
1146 4622 1296 4709 Beatus
1310 4628 1395 4724 est,
1411 4625 1536 4709 nobie
1562 4621 1756 4712 infinuari
1774 4656 1904 4739 opor·-

347 4786 377 4828 η
401 4744 549 4847 tebat,
574 4766 623 4829 ut
656 4739 928 4860 intelligamus
952 4740 1164 4855 quomodo
1189 4742 1348 4829 dicamr
1373 4742 1626 4853 requiescere
1662 4745 1705 4830 in
1740 4745 1902 4839 uobiia

342 4904 380 4998 ρ
400 4863 512 4978 quod
530 4892 612 4953 nou
631 4863 812 4973 dicitur,
834 4858 909 4950 nifi
931 4888 1027 4950 cum
1046 4860 1097 4948 iu
1111 4862 1155 4950 se
1173 4862 1361 4976 requiem
1371 4864 1534 4973 praestat
1556 4867 1598 4950 dr
1617 4863 1809 4949 nubium
