5150 6667
649 738 657 743 ,
746 700 797 757 22
891 608 2184 774 vrun1c.nunnrourumrsarf

742 806 854 894 Lulli
875 822 991 890 notat
1016 823 1063 885 ut
1085 820 1300 884 erroneam
1322 771 1686 879 laudaus'censor
1707 826 1720 887 ε
1743 797 1922 885 rationes
1944 816 2112 899 autern,
2151 800 2299 911 quibus

745 925 888 1010 Lullus
910 920 1059 1029 probat
1082 918 1204 1003 dieras
1223 913 1413 999 veritates
1433 971 1447 1012 ,
1470 911 1662 996 dicuntur
1684 913 1733 995 ab
1763 912 1851 1022 ipso
1873 914 2108 1015 murales,
2147 938 2196 1001 ut
2219 918 2304 1025 jam

747 1039 1004 1136 notavimus,
1031 1035 1124 1145 quia
1142 1032 1408 1116 desumuntur
1434 1057 1488 1112 ex
1510 1026 1610 1139 ipfis'
1626 1028 1834 1138 propriis,
1867 1033 1911 1114 &
1934 1032 2183 1117 naturalibus
2213 1032 2304 1121 Dei

747 1154 1063 1268 persedionibus
1082 1211 1095 1252 ,
1117 1172 1165 1234 ut
1185 1146 1317 1231 videri
1332 1146 1465 1253 potest
1484 1144 1526 1229 in
1548 1146 1628 1228 hoc
1645 1143 1795 1229 &aliis
1815 1146 1980 1242 Libri83
2008 1148 2160 1233 dicitur
2174 1150 2301 1237 etiam

747 1270 913 1383 probari
942 1267 1141 1382 uecefflzrid
1175 1263 1296 1361 distas
1320 1256 1418 1345 fidei
1435 1260 1627 1344 veritates
1649 1320 1663 1362 ,
1686 1262 1780 1370 quia
1801 1246 1996 1349 videlicet
2017 1266 2059 1350 in
2079 1259 2182 1349 diua
2201 1254 2302 1379 pro-

747 1389 912 1474 batione
930 1415 983 1470 ex
1005 1379 1263 1467 antecedenti
1287 1399 1403 1463 certo
1426 1380 1469 1461 dt
1491 1399 1626 1476 noto,
1658 1376 1879 1464 necessario
1904 1432 1928 1481 ,ν
1955 1386 1998 1465 dc
2033 1380 2303 1469 infallibiliter

749 1498 966 1589 deducitur
987 1490 1235 1607 consequens
1255 1527 1266 1587 ;
1290 1523 1374 1577 non
1396 1514 1533 1578 autem
1556 1492 1666 1605 qpbd
1688 1496 1854 1582 inducat
1876 1498 2021 1582 Lullus
2039 1499 2083 1583 in
2103 1500 2202 1585 Deo
2226 1491 2305 1586 ne-

748 1621 973 1705 cessitatem
994 1617 1216 1701 absolutam
1237 1610 1288 1694 ad
1309 1612 1665 1713 Incarnationem,
1687 1616 1729 1697 δι
1748 1612 1841 1697 alias
1860 1614 2121 1723 operationes
2144 1616 2230 1702 Dei
2249 1618 2304 1701 ad

750 1758 896 1838 extra,
923 1734 992 1820 sed
1015 1735 1174 1819 tantum
1192 1728 1392 1813 moralem
1413 1732 1456 1813 dt
1479 1728 1706 1832 decentiae,
1733 1752 1858 1843 prout
1878 1729 1975 1818 'curn
2005 1732 2139 1818 sanilo
2154 1732 2303 1819 Ansel-

752 1882 823 1939 mo
851 1851 953 1937 infra
977 1850 1282 1961 explicabimus
1427 1853 1432 1859 '
1699 1915 1721 1949 ,
1842 1907 1847 1911 .

815 1996 881 2055 20.
905 1972 956 2053 In
974 1970 1095 2055 citatd
1118 1968 1251 2076 quaest.
1278 1992 1312 2046 1.
1336 1992 1448 2046 num.
1479 1993 1513 2049 r.
1537 1967 1627 2075 post
1643 1966 1767 2052 verba
1788 1968 1912 2053 relata
1932 1996 2044 2052 num.
2073 1957 2122 2076 1'7
2142 1990 2218 2062 3ut
2235 1966 2304 2060 os-

752 2086 892 2175 tendat
913 2086 1056 2171 Lullus
1074 2084 1319 2181 utilitatem,
1338 2085 1380 2163 δε
1400 2080 1716 2172 conducentiam
1735 2078 1832 2169 fidei
1850 2142 1864 2183 ,
1882 2084 2112 2197 subjungit:
2130 2114 2157 2154 u
2176 2086 2233 2169 Et
2248 2082 2304 2168 st-

751 2227 874 2288 „cut
900 2205 1104 2311 objeslum
1122 2197 1303 2285 senfibile
1318 2200 1559 2282 restauratur
1580 2198 1622 2283 in
1645 2201 1931 2314 imaginatione
1951 2201 1992 2284 in
2015 2202 2194 2288 absentia
2214 2205 2305 2286 sen-

753 2364 781 2404 „
805 2313 934 2407 tiendi
957 2320 1214 2432 (quatenbs,
1237 2315 1337 2398 dum
1359 2314 1492 2399 sensus
1506 2320 1595 2400 adu
1615 2347 1700 2401 non
1720 2319 1869 2418 sentit,
1886 2318 2123 2431 imaginatio
2144 2318 2321 2429 propo--

754 2479 782 2523 u
804 2440 864 2524 nit
890 2440 1093 2546 objectum
1117 2456 1233 2519 antea
1254 2453 1502 2542 perce-ptum
1526 2461 1602 2542 per
1624 2436 1820 2545 sensum)
1845 2432 1900 2519 fic
1925 2441 1966 2520 ἀ
1993 2437 2134 2519 multb·
2158 2436 2336 2534 melius,
2396 2523 2398 2526 ,

755 2598 783 2639 22
809 2556 967 2671 quando
985 2555 1207 2640 intellectus
1230 2579 1312 2634 non
1332 2552 1394 2641 ¹est
1411 2547 1635 2634 dicurfivus
1649 2579 1726 2659 per
1746 2546 1984 2638 necessarias
2006 2553 2185 2636 rationes
2205 2550 2306 2654 (de-

648 2675 656 2690 ’
755 2716 782 2756 ‚2
796 2675 1121 2781 monstrativae)
1152 2669 1260 2753 circa
1284 2666 1501 2752 veritatem
1526 2666 1808 2751 Articulorum
1831 2664 2088 2772 fidei(s1cut
2109 2670 2303 2753 intellec·

754 2832 782 2872 u
807 2812 873 2875 tus
887 2786 1138 2886 mechanici,
1157 2806 1226 2870 aut
1247 2783 1413 2890 alicujus
1428 2783 1613 2884 alterius,
1629 2785 1698 2894 qui
1721 2788 1792 2869 stat
1806 2783 1858 2869 ad
1874 2782 2101 2893 positiones
2112 2786 2304 2895 tantlun)

754 2949 783 2989 22
807 2910 1046 3011 restauratur
1057 2904 1204 2993 veritas
1224 2900 1814 2986 Articulorumincredulitate
1839 2901 2090 3019 iqtellesids,
2107 2900 2176 3010 qui
2195 2901 2302 3011 ipsos

753 3054 782 3106 u
807 3022 975 3119 credit;
1009 3025 1051 3109 dc
1081 3018 1311 3129 hujusmodi
1342 3016 1627 3101 restauratione
1656 3018 1832 3103 multdm
1858 3017 2015 3129 indiget
2041 3018 2300 3119 intelledus,

753 3168 783 3223 u
808 3142 901 3226 cbm
916 3169 1057 3226 omnes
1078 3138 1265 3223 homines
1289 3152 1372 3219 non
1395 3128 1475 3217 fint
1492 3129 1672 3241 dispofiti
1686 3132 1737 3215 ad
1757 3134 1896 3219 invest'
1927 3132 2072 3218 andam
2084 3135 2302 3220 veritatem

754 3301 782 3340 n
807 3258 1085 3343 Articulorum
1105 3246 1229 3353 fidei,
1251 3258 1294 3337 δι
1315 3253 1434 3335 sacrae
1444 3250 1666 3357 Scripturae
1683 3278 1760 3358 per
1771 3278 1873 3336 nece
1908 3250 2007 3335 arias
2028 3252 2234 3351 rationes,
2252 3248 2306 3332 fi-

756 3416 783 3456 „
809 3397 879 3459 cut
899 3378 1087 3463 mulieres
1106 3430 1119 3472 ,
1138 3370 1298 3469 Faber,
1320 3367 1542 3466 Rusticus,
1563 3370 1603 3449 dc
1627 3362 1680 3449 fic
1704 3365 1755 3449 de
1772 3362 1966 3450 sunilibus
1985 3406 2026 3448 υ.
2049 3368 2105 3449 Et
2122 3362 2185 3450 bis
2207 3368 2305 3451 irer-

755 3493 819 3577 bis
841 3490 1073 3605 desumptus
1093 3490 1148 3574 est
1161 3484 1359 3572 secundus
1379 3484 1539 3567 Textus
1559 3482 1701 3567 abhoc
1718 3481 1900 3567 Censore
1918 3482 2082 3566 notatus
2102 3514 2112 3575 5
2133 3483 2305 3567 observa

758 3628 895 3692 tamen
910 3630 1016 3707 ¹unte
1044 3609 1129 3720 ejus
1157 3603 1466 3715 discussionem,
1494 3597 1702 3709 quomodo
1726 3599 1934 3683 cohaerent
1954 3595 2092 3685 omnia
2111 3598 2172 3683 D.
2195 3592 2302 3715 Aug}

759 3727 801 3809 in
812 3726 924 3812 Joan.
943 3753 1030 3837 cap.
1052 3756 1091 3837 7.
1112 3724 1234 3808 Trac.
1259 3734 1325 3826 29.
1344 3747 1456 3801 num.
1478 3724 1501 3797 6
1518 3777 1533 3816 ,
1556 3716 1627 3799 ubi
1646 3718 1858 3825 postquam
1875 3712 2130 3825 explicuisset
2148 3714 2326 3799 Filium

760 3841 840 3929 esse
865 3846 1002 3928 lumen
1025 3844 1075 3929 de
1101 3842 1276 3938 lumine,
1292 3838 1347 3921 ait
1366 3868 1376 3918 ε
1396 3864 1426 3904 u
1444 3834 1490 3916 Si
1507 3830 1811 3932 intelleximus,
1838 3832 1935 3918 Deo
1950 3832 2097 3945 gratias
2121 3864 2131 3913 r
2157 3827 2189 3917 sl
2212 3834 2321 3944 quis&

759 4000 787 4041 η
811 3962 956 4071 parlim
978 3960 1203 4060 intellexit,
1231 3954 1331 4039 fecit
1365 3947 1525 4050 homo,
1558 3948 1762 4059 quousque
1787 3950 1965 4058 potuit,
1996 3968 2145 4034 caetera
2167 3949 2306 4065 videat

759 4116 787 4192 '‚’
811 4076 918 4164 unde
938 4080 1083 4188 speret.
1108 4078 1143 4160 F
1146 4072 1349 4160 orinseeus
1368 4091 1422 4187 ut
1437 4063 1835 4179 operariipossumus
1849 4068 2059 4179 plantare,
2084 4067 2302 4179 derigere,

760 4228 787 4275 u
812 4195 881 4280 sed
903 4197 993 4279 ‘Dei
1022 4197 1078 4279 est
1100 4195 1400 4279 incrementum
1423 4183 1518 4269 dare
1539 4217 1549 4266 z
1571 4212 1654 4292 meo
1675 4186 1798 4297 inquit
1812 4186 2003 4268 Domina
2022 4214 2101 4267 uon
2124 4184 2176 4291 est
2195 4212 2302 4282 mea,

760 4354 787 4392 υ
803 4310 878 4421 fed
907 4312 989 4417 ejus
1014 4314 1078 4424 qui
1099 4310 1198 4421 miste
1221 4338 1291 4391 me.
1311 4298 1723 4401 Audiat'consrlium,
1752 4300 1822 4411 qui
1848 4298 1949 4385 dicit
1971 4295 2155 4385 nondum
2176 4300 2307 4396 intel·

707 4443 711 4451 '
760 4470 786 4510 υ
812 4428 904 4513 lexi.
934 4430 1083 4541 Magna
1103 4428 1253 4537 quippe
1275 4453 1338 4509 res
1365 4421 1407 4507 δι’
1425 4416 1765 4531 profunda,cbm
1785 4415 1922 4503 suisset
1943 4416 2074 4519 diua,
2091 4414 2197 4501 vidit
2216 4405 2304 4509 uti-

760 4587 786 4629 22
813 4573 889 4656 que
917 4546 1001 4656 ipse
1029 4546 1237 4629 Dominus
1254 4540 1438 4627 Christus
1465 4537 1545 4644 hoc
1572 4556 1657 4621 tam
1678 4532 1931 4646 profundum
1961 4563 2044 4633 non
2068 4561 2212 4619 omnes
2244 4532 2306 4615 in·

760 4677 787 4745 2'2
813 4663 1069 4765 telletluros,
1100 4664 1142 4747 ἀ
1165 4664 1207 4747 in
1230 4654 1569 4767 consequentibus
1589 4652 1703 4739 dedit
1716 4648 1942 4737 confilium.
1962 4650 2198 4784 Intelligere
2214 4645 2304 4733 vis?

531 4816 535 4823 ,
675 4874 697 4881 ἡ
752 4782 787 4862 ἐ,
813 4778 962 4865 Crede.
994 4781 1112 4877 Deus
1128 4780 1240 4863 enim
1258 4798 1335 4887 per
1357 4773 1608 4881 Prophetam
1632 4762 1770 4854 dixit:
1802 4764 1877 4851 nisr
1904 4765 2194 4868 credideritis,
2220 4792 2306 4849 non

760 4940 787 4980 u
812 4895 1043 5012 intelligetis
1047 4955 1190 4977 .....
1214 4892 1284 4980 sed
1303 4919 1382 5005 ego
1405 4889 1586 4974 dixeram
1600 4883 1734 4998 srquis
1758 4883 2007 4987 crediderit,
2032 4890 2074 4970 δι
2096 4886 2176 4969 hoc
2199 4909 2302 4971 con·
2349 4898 2354 4908 '

760 5055 787 5099 ‚s
812 5012 943 5099 filium
967 5013 1189 5115 dederam,
1214 5009 1245 5095 fi
1280 5039 1363 5097 non
1387 5006 1642 5116 intellexisti,
1681 5006 1874 5114 inquam,
1906 5002 2041 5087 crede.
2071 4999 2309 5085 Intellestus

760 5176 788 5217 ι»
812 5160 968 5219 merces
987 5135 1043 5218 est
1063 5126 1171 5214 fidei.
1196 5130 1308 5249 Ergo
1322 5124 1408 5210 noli
1422 5151 1601 5234 quaerere
1617 5122 1842 5231 intelligere
1858 5179 1873 5219 ,
1887 5141 1934 5203 ut
1948 5117 2113 5219 credas,
2130 5114 2201 5209 sed
2214 5141 2309 5200 cre·

760 5294 788 5337 22
814 5252 892 5356 de,
922 5272 971 5339 ut
990 5248 1218 5363 intelligam
1243 5244 1435 5357 quoniam
1455 5236 1529 5324 nist
1546 5234 1802 5331 credideritis
1815 5264 1915 5343 oonq
1932 5234 2308 5357 melligetisumue
