5150 6667
759 755 847 860 184*
890 743 1233 843 VINDIC.¹
1292 731 1539 838 LULL.
1603 741 1753 835 Tan,
1786 741 1890 834 111.
1927 736 2086 833 Dm.
2116 691 2183 834 Is

750 899 874 984 etiam
893 897 977 1001 ejus
996 891 1191 1004 loquendi
1205 890 1351 976 modus
1371 893 1413 975 in
1432 891 1600 977 materia
1618 891 1789 998 subje&a
1801 891 1914 998 juxta
1922 911 2163 975 contextum
2176 949 2189 990 ,
2204 892 2305 1000 quia
2405 939 2411 948 ·

749 1013 888 1100 fimilis
917 1015 974 1097 est
1005 1012 1130 1095 modo
1159 1010 1353 1120 loquendi
1384 1011 1608 1114 multorum
1639 1009 1808 1092 Patrum
1837 1067 1852 1110 ,
1878 1008 1947 1118 qui
1972 1008 2106 1092 videri
2137 1008 2308 1118 potsunt

660 1173 667 1190 ·
712 1125 717 1128 ’
750 1131 858 1241 a'pud
888 1131 1085 1216 eximium
1116 1129 1315 1214 Joannem
1346 1127 1611 1236 Gropperum
1642 1125 1901 1211 Canonicum
1936 1125 2230 1211 Coloniensem
2257 1134 2308 1221 ὃς

750 1248 1013 1334 Cardinalem
1043 1243 1324 1358 defignatum,
1348 1245 1441 1327 Lib.
1470 1243 1521 1327 de
1548 1245 1824 1345 Eucharistia,
1848 1263 1922 1327 art
1952 1271 1986 1325 ι.
2010 1248 2138 1353 ὲεειρ.
2175 1242 2242 1328 28.
2258 1251 2307 1332 &

750 1366 859 1476 apud
882 1365 1172 1451 Bellarminum
1194 1364 1363 1446 citatum
1386 1392 1397 1440 ε
1422 1388 1475 1444 ex
1503 1359 1649 1468 quibus
1668 1361 1710 1443 S.
1730 1359 1903 1446 Iustinus
1930 1361 2103 1473 Martyr.
2121 1360 2306 1477 Apolog.

753 1470 1027 1595 2.·postqi1am
1044 1482 1225 1566 breviter
1247 1477 1385 1562 retulit
1403 1475 1589 1578 modum,
1606 1505 1687 1586 quo
1705 1473 1923 1562 conficitur
1942 1479 2206 1581 Eucharistia,
2225 1483 2302 1566 ait:
2422 1570 2429 1582 ,

633 1697 640 1704 ἡ
750 1641 778 1683 n
804 1603 848 1685 Si
871 1662 885 1703 ‚
905 1603 974 1712 qui
996 1597 1104 1708 apud
1131 1625 1205 1681 nos
1228 1595 1409 1679 Diaconi
1435 1594 1626 1679 dicuntur
1647 1653 1662 1694 ‚
1685 1594 1782 1678 dant
1800 1596 2018 1706 unicuique
2041 1626 2211 1697 eorum,
2232 1601 2306 1710 qui

749 1758 779 1800 υ
803 1717 960 1819 adsunt,
970 1713 1291 1826 ¹percipiendum
1302 1742 1467 1822 panem,
1482 1713 1626 1814 vinum,
1641 1709 1683 1797 δ’
1698 1741 1853 1824 aquam,
1867 1741 1955 1823 quae
1973 1742 2071 1800 cum
2082 1717 2306 1828 gratiarum

751 1876 779 1918 υ
804 1837 958 1921 attione
981 1834 1213 1936 consectata
1234 1832 1325 1914 sunt
1347 1890 1358 1911 .
1383 1890 1393 1910 .
1414 1890 1425 1911 .
1449 1857 1580 1940 neque
1603 1831 1690 1914 haec
1709 1890 1724 1931 ,
1740 1852 1788 1914 ut
1805 1861 2069 1917 communem
2090 1830 2305 1918 usitatum·

751 1994 786 2034 „e
799 1981 882 2062 que
896 1982 1044 2064 panem
1064 2011 1078 2052 ‚
1101 1944 1365 2059 usitatamque
1387 1949 1602 2056 potionem
1624 1948 1838 2055 capimus,
1861 1948 1931 2034 sed
1956 1949 2303 2060 quemadmodum

751 2108 780 2151 n
803 2099 880 2181 per
897 2071 982 2155 Dei
998 2071 1201 2170 verbum‚'
1216 2069 1342 2152 homo
1365 2065 1489 2149 factus
1511 2065 1829 2150 Iesus-Christus
1852 2067 2132 2154 Conservator
2152 2074 2303 2174 noster)

669 2287 679 2296 ι
751 2227 783 2270 n
807 2193 848 2274 ὅ(
862 2203 1027 2274 carnem
1050 2192 1090 2272 ὅ(
1111 2185 1345 2300 sanguinem
1362 2211 1440 2293 pro
1455 2183 1576 2267 salute
1595 2185 1727 2267 nostra
1744 2183 1908 2296 habuiti
1928 2183 1982 2270 fic
1997 2186 2122 2271 etiam
2135 2189 2304 2291 cibum,

752 2345 781 2386 n
807 2309 876 2416 qui
906 2335 981 2416 per
1010 2331 1155 2416 preces
1184 2303 1412 2401 sermonis,
1436 2328 1559 2410 quem
1585 2300 1634 2384 ab
1660 2329 1713 2385 eo
1748 2303 2015 2412 accepimus,
2047 2308 2307 2392 consecratus

682 2425 686 2428 ’
753 2463 782 2504 n
807 2427 895 2524 est,
919 2423 1051 2535 &qun
1082 2420 1245 2531 sanguis
1275 2418 1474 2530 carnesque
1509 2417 1642 2524 nostra
1678 2418 1946 2504 communione
1979 2422 2135 2506 ciuntur
2154 2484 2169 2525 ,
2190 2424 2309 2535 Jcfic-

752 2555 782 2621 ,ὁ
808 2541 946 2650 christi
975 2541 1084 2644 ejus,
1103 2542 1167 2649 qui
1187 2541 1308 2661 bomo·
1322 2535 1459 2648 fufius
1490 2537 1572 2644 cst,
1605 2531 1646 2619 ἃ
1677 2564 1865 2639 cumam,
1905 2536 1946 2625 ἃ
1967 2538 2194 2651 fitnguincm
2231 2543 2307 2660 effe

754 2696 783 2738 n
806 2661 1031 2770 accepimus.
1052 2699 1079 2738 n

814 2775 971 2862 XLIV.
1004 2775 1308 2874 Tertullianua‚
1333 2774 1404 2858 lib.
1426 2801 1468 2873 4.
1490 2769 1640 2881 adverfi
1666 2771 1943 2859 Marcion-fic
1976 2776 2139 2861 scribit:
2156 2808 2182 2847 ιι
2204 2780 2307 2862 Non

753 2931 782 2972 n
807 2892 997 3006 intelligit
1016 2893 1201 2977 Marcion
1223 2921 1372 3002 panem
1394 2887 1509 2974 fuisse
1534 2912 1718 2975 veterem
1743 2889 1913 3004 figuram
1940 2899 2126 3003 corporis
2153 2895 2308 2982 Christi

753 3045 783 3090 n
808 3009 978 3096 dicentis
1002 3040 1078 3122 per
1090 3009 1337 3096 Jeremiam:
1361 3008 1573 3092 adversum
1591 3036 1657 3124 me
1673 3011 1954 3123 cogitaverunt
1976 3013 2218 3124 cogitatum,
2237 3013 2308 3096 di-

754 3162 784 3207 n
808 3151 975 3215 centes:
999 3131 1040 3212 V
1040 3131 1135 3212 enine
1157 3127 1404 3232 conjiciamus
1421 3128 1564 3234 lignum
1583 3127 1622 3206 in
1640 3155 1779 3233 panem
1799 3126 1906 3230 ejus,
1920 3127 2062 3237 scilicet
2084 3130 2240 3214 Crucem
2260 3131 2309 3214 in

678 3265 681 3272 ·
754 3279 783 3324 n
808 3247 1077 3356 comacina.
1098 3247 1243 3354 Itaque
1264 3244 1512 3327 illuminator
1533 3243 1849 3351 antiquitatum,
1886 3247 1984 3355 quid
2008 3268 2106 3331 tunc
2128 3249 2320 3342 voluerit,

755 3399 784 3441 η
798 3357 1044 3476 'fignificaffe
1066 3389 1242 3470 panem,
1269 3362 1359 3444 satis
1382 3359 1626 3462 declaravit,
1662 3393 1795 3471 corpus
1824 3361 1934 3472 ficum
1972 3393 2113 3445 vocans
2143 3395 2303 3472 patum.

746 3471 784 3557 ’κ
808 3479 867 3561 D.
887 3481 1064 3564 Isenaeus
1084 3477 1258 3587 ‚adverfi
1276 3475 1405 3588 haerefi
1422 3477 1491 3561 lib.
1517 3505 1559 3577 4.
1579 3503 1668 3586 cap.
1699 3505 1763 3589 32.
1791 3478 1925 3562 scribit
1945 3521 1971 3559 n
1997 3480 2134 3581 Eum,
2158 3483 2227 3590 qui
2245 3486 2311 3566 est

753 3631 784 3675 n
809 3615 1023 3697 creatura,
1051 3617 1199 3705 panem
1223 3594 1382 3702 accepit
1403 3654 1417 3693 ,
1447 3599 1488 3678 ἃ
1507 3595 1654 3706 gratias
1668 3600 1753 3709 egit
1776 3596 1913 3695 dicens
1932 3629 1943 3678 t
1963 3598 2042 3682 huc
2069 3600 2127 3682 est
2148 3626 2308 3707 corpus

754 3747 783 3791 η
809 3741 981 3815 meum,
1005 3718 1047 3799 &
1075 3712 1244 3798 calicem
1267 3709 1475 3812 similiter,
1500 3711 1567 3820 qui
1598 3714 1729 3799 estex
1754 3735 1936 3800 creatura
1964 3743 2051 3825 quae
2073 3718 2131 3800 est
2161 3717 2312 3802 secuu-

754 3863 783 3910 n
809 3830 907 3915 dum
925 3859 999 3915 nos
1021 3890 1034 3932 ‚
1053 3829 1163 3939 ficum
1196 3833 1426 3940 Sanguinem
1448 3823 1633 3943 conscfflu
1669 3833 1753 3940 est3
1787 3838 1829 3917 ὅ(
1852 3859 1941 3942 cap.
1977 3859 2042 3943 34.
2079 3833 2309 3943 Quomodo

753 3985 783 4028 η
809 3971 945 4034 autem
977 3949 1174 4034 constabit
1195 3949 1252 4031 eis
1272 4006 1285 4048 ‚
1307 3975 1540 4055 cumpuncta
1561 4006 1574 4046 ,
1598 3948 1736 4070 influo
1758 3950 1896 4063 gratiae
1915 3953 2009 4033 atiae
2031 3951 2148 4051 sunt,
2170 3969 2310 4060 corpus

750 4097 787 4144 n·
807 4067 879 4180 effi
895 4069 1054 4150 Domini
1063 4064 1153 4174 fici,
1178 4071 1218 4149 &
1242 4065 1413 4148 calicem
1430 4062 1642 4176 Sanguinis
1663 4067 1778 4196 ejus,
1799 4064 1829 4150 fi
1852 4095 1934 4150 non
1957 4069 2089 4178 ipsum
2111 4069 2308 4153 Fabrica-

755 4215 785 4262 η
809 4183 910 4268 toris
934 4181 1075 4266 mundi
1097 4183 1249 4266 Filium
1278 4180 1445 4266 dicant?
1476 4183 1532 4265 Et
1561 4211 1648 4293 cap.
1688 4210 1751 4294 57.
1775 4185 1984 4296 quomodo
2011 4185 2248 4286 Dominus,
2271 4181 2309 4269 ii

659 4405 661 4408 ⁴
755 4329 787 4380 n·
808 4301 972 4386 alterius
986 4299 1115 4384 Patris
1134 4301 1266 4385 existit
1287 4361 1302 4402 ‚
1324 4301 1441 4406 hujus
1464 4298 1708 4386 conditionis
1731 4361 1745 4403 ,
1768 4331 1858 4412 quae
1879 4305 1935 4387 est
1957 4303 2305 4406 seminatum,

756 4457 784 4498 n
809 4419 1019 4527 accipiens
1032 4448 1200 4526 panem,
1225 4417 1337 4530 ficum
1364 4449 1498 4527 corpus
1520 4419 1766 4529 confitebatur
1787 4425 1836 4503 ,θη
1858 4417 2311 4520 D.Atnbr0s1us,lib.-
2365 4493 2371 4500 .

755 4534 803 4618 de
820 4538 881 4619 his
889 4537 953 4646 qui
969 4536 1118 4648 myster.
1136 4537 1284 4620 initian.
1301 4564 1389 4646 cap.
1412 4565 1449 4642 9.
1469 4537 1626 4620 scribit:
1640 4565 1666 4606 ιι
1680 4539 1771 4646 Ipse
1785 4539 1933 4624 clamat
1943 4539 2150 4623 Dominus
2166 4535 2277 4622 Iesus
2292 4569 2308 4621 ε

712 4665 721 4670 '
755 4685 785 4732 n
808 4653 899 4736 Hoc
922 4654 975 4760 est
996 4653 1143 4762 Corpus
1163 4684 1296 4738 mcum.
1320 4654 1427 4738 Ante
1457 4653 1784 4742 benedictionem
1805 4658 2026 4740 verborum
2049 4655 2271 4740 coelestium
2285 4715 2305 4756 ‚

753 4808 783 4851 n
807 4767 1047 4882 alia-specics
1068 4773 1320 4871 nominumr',
1342 4773 1432 4878 post
1450 4773 1796 4858 consecrationem
1815 4804 1977 4884 ,corpus
1998 4771 2135 4881 Christi
2145 4772 2311 4884 fignifi-

755 4927 783 4969 η
806 4914 925 4975 catur.
941 4888 1032 4998 Ipse
1044 4885 1142 4970 dicit
1156 4889 1388 5000 sanguinem
1404 4890 1529 4971 sctum.
1544 4887 1652 4978 Ante
1663 4892 2011 4976 consecrationem
2022 4891 2133 4976 aliud
2142 4892 2310 4993 dicitur,

754 5043 783 5087 n
800 5005 885 5113 post
903 5002 1227 5112 consecrationem,
1237 5003 1399 5116 sanguis
1415 5033 1667 5114 nuncupatur,
1691 5015 1729 5093 &
1745 5030 1792 5092 tu
1818 5009 1920 5093 dicis
1939 5009 2097 5109 Amen,
2116 5009 2195 5092 hoc
2216 5009 2310 5112 est,

753 5149 898 5220 uerum
915 5123 983 5204 est.
1010 5149 1036 5188 ιι
1054 5121 1188 5221 Item,
1210 5123 1279 5204 iib.
1301 5150 1343 5222 4.
1361 5121 1411 5207 de
1430 5125 1600 5208 Sacram.
1622 5153 1712 5234 cap.
1732 5154 1775 5226 4.
1801 5153 1828 5194 ιι
1846 5126 1930 5210 Sed
1940 5127 2053 5236 panis
2072 5127 2166 5226 iste,
2185 5125 2311 5233 panis

755 5277 782 5318 υ
807 5241 964 5322 estante
986 5239 1108 5321 verba
1124 5239 1505 5331 Sacramentorum3
1525 5242 1595 5324 ubi
1613 5241 1821 5328 accefferit
1834 5245 2086 5331 consecratio
2101 5303 2114 5345 ,
2132 5243 2183 5327 de
2194 5271 2312 5352 pane

753 5389 782 5436 n
807 5350 856 5440 fit
877 5381 971 5441 caro
987 5353 1161 5447 Christi:
1180 5355 1259 5447 hoe
1279 5355 1406 5471 igitur
1425 5353 2092 5476 ad1kruamu0‚quomouopot‘est‚
2112 5363 2318 5586 qm'mmjs³

1779 5507 1783 5513 ⁴
2255 5509 2280 5568 e
