5150 6667
441 694 446 731 ἰ
667 544 1446 715 niss!RT.L§.v·
1732 620 1894 725 3η·

256 792 290 833 n
314 749 385 837 lias
413 742 488 831 sibi
509 770 649 832 rerum
671 742 863 831 notitiam
885 738 1130 853 comparati
1157 740 1380 838 Diversum
1399 741 1500 832 'sane
1520 742 1713 859 quiddam
1731 748 1815 838 effe

260 909 289 953 η
311 884 493 955 mentem
515 865 565 949 ab
581 850 677 975 ipfis
688 858 904 963 sensibus,
929 862 999 973 qui
1020 861 1225 975 ambigat,
1247 845 1337 947 lbre
1360 865 1598 967 neminem,
1631 867 1700 976 qui
1725 869 1816 979 qui·
1956 875 1959 879 ’

260 985 406 1073 „dem
424 983 577 1095 sapiat,
596 980 773 1067 arbitror
795 1010 805 1062 r
829 1012 840 1060 ε
860 1010 902 1063 r:
929 980 1097 1065 omuino
1125 979 1374 1069 tensendum
1390 983 1474 1083 est,
1499 1005 1681 1069 mentem
1702 984 1815 1083 aliud
1875 1044 1879 1051 ·

261 1102 508 1217 „quiddam
537 1096 618 1187 else
648 1159 665 1201 ,
702 1093 903 1214 quamsit
937 1117 1078 1181 natura
1098 1093 1328 1201 sensibilis,
1375 1126 1426 1183 ne
1453 1095 1629 1210 simplici
1650 1103 1741 1204 rei,
1772 1111 1815 1191 dt

259 1262 293 1307 n
317 1250 406 1335 quae
434 1218 703 1334 intelligentis
742 1212 1150 1327 comprehenditur,
1170 1213 1294 1301 inesse
1328 1215 1485 1302 diversa
1524 1218 1710 1330 qiiaedain
1741 1222 1817 1307 sta·

261 1378 293 1426 u
319 1362 617 1567 tIullnllusltleque
636 1473 781 1541 contra
807 1450 1102 1537 dillinfflonem
1115 1450 1340 1535 animarum
1358 1450 1400 1537 in
1418 1452 1586 1541 homine
1599 1458 1659 1541 est
1671 1447 1820 1569 ,quod

263 1576 352 1687 ipse
375 1570 628 1689 Gregorius,
646 1570 829 1674 ibidem,
852 1597 940 1680 cap.
968 1597 1032 1669 14.
1048 1567 1209 1669 scribit,
1230 1566 1399 1657 dicens:
1433 1567 1720 1676 «Carandra,
1741 1572 1819 1661 etsi
1964 1583 1969 1598 '

264 1736 294 1779 n
316 1693 515 1805 superiori
533 1690 717 1777 oratione
741 1688 990 1777 declaratum
1005 1688 1084 1787 ell,
1103 1686 1255 1797 triplex
1272 1683 1353 1773 else
1377 1686 1418 1771 in
1439 1688 1606 1777 vivendi
1623 1690 1818 1802 facultate

234 1888 238 1901 .
262 1853 295 1894 η
317 1813 562 1913 discrimen,
584 1832 630 1894 ut
662 1809 736 1925 alia
753 1804 802 1891 fit
824 1808 937 1906 vita,
959 1830 1050 1917 quae
1069 1802 1234 1919 quidem
1264 1807 1488 1910 nutriatur,
1504 1827 1654 1920 expers
1680 1832 1820 1897 tamen

265 1964 300 2011 a
323 1927 373 2015 sit
395 1931 553 2015 senslls:
575 1928 650 2011 alia
668 1932 710 2011 dr
732 1926 934 2010 nutriatur
955 1930 997 2008 dr
1017 1922 1193 2027 sentiat,
1221 1948 1357 2011 careat
1377 1946 1515 2011 autem
1538 1924 1731 2015 facultate
1753 1956 1821 2015 ra·
1862 1950 1865 1955 ·

266 2087 296 2129 n
317 2049 459 2133 tionis:
482 2047 556 2131 alia
579 2042 778 2155 denique,
802 2048 846 2128 dr
865 2042 1024 2127 ratione
1046 2062 1211 2144 utatur,
1233 2047 1275 2128 dr
1293 2039 1472 2153 perfetta
1485 2040 1563 2147 fit,
1585 2072 1740 2159 perque
1757 2044 1822 2133 sa·

267 2205 298 2249 2»
323 2165 493 2251 cultates
520 2184 689 2265 peteras
705 2163 856 2246 'oinbet
877 2157 1044 2261 diffusa,
1066 2160 1168 2247 utin
1182 2159 1231 2245 iis
1253 2161 1486 2269 existam&
1505 2183 1711 2275 tamquam
1729 2163 1820 2251 exi·

269 2323 299 2366 ii
324 2284 453 2367 mium
482 2280 676 2393 quiddam
707 2278 988 2393 intelligentiae
1017 2279 1105 2363 vini
1126 2277 1273 2365 habeat
1300 2312 1310 2363 i
1342 2307 1465 2366 nemo
1496 2300 1635 2368 tamen
1664 2282 1828 2371 idcirco.

269 2406 299 2485 ii
323 2402 525 2487 existimet
546 2427 623 2484 tres
644 2401 684 2482 iri
698 2401 864 2481 humano
884 2396 1034 2505 apustio
1047 2388 1201 2481 animo}
1217 2398 1372 2507 exiJlere
1385 2457 1399 2500 ,
1414 2394 1580 2509 seorfiini
1600 2403 1707 2513 quufi
1721 2402 1825 2487 lirni-

186 2532 192 2549 ·
273 2562 301 2603 n
324 2524 424 2605 ribus
441 2515 763 2628 circumscriptus,
777 2538 824 2599 ut
842 2537 1027 2605 naturam
1042 2514 1220 2602 bominis
1229 2540 1288 2601 eir
1300 2517 1483 2627 pluribus
1497 2518 1642 2603 animis
1664 2522 1823 2607 confla·

273 2680 302 2720 n
322 2661 407 2721 tam
428 2658 571 2746 putare
594 2634 826 2721 debeamus.
877 2634 989 2715 Nam
1010 2638 1171 2745 verast&
1193 2632 1373 2744 perfetta
1389 2626 1684 2748 anii'iiareapse
1703 2640 1826 2725 unica

273 2787 303 2839 i»
328 2754 514 2865 quedam
532 2756 611 2854 ell,
631 2754 883 2866 intelligens,
899 2750 1008 2834 nulld
1028 2776 1083 2835 ex
1107 2753 1276 2836 materia
1294 2750 1418 2838 crassa
1435 2748 1640 2857 constant,
1663 2756 1732 2840 sed
1750 2778 1835 2867 per

274 2875 459 2958 „sensus
481 2892 633 2955 natura
652 2872 709 2955 illi
728 2868 863 2955 crassae
887 2868 1014 2953 mixta
1031 2910 1073 2952 n.
1118 2871 1219 2957 Non
1238 2872 1373 2982 itaque
1394 2871 1481 2955 haec
1508 2873 1708 2958 Dostrina
1726 2872 1818 2961 des·

275 2992 379 3079 ti'liit
412 2987 633 3101 perfectam
659 2988 953 3074 distindtionern
975 2983 1171 3073 sensitiva
1190 2991 1212 3071 a
1233 2990 1418 3074 rationali
1432 2992 1561 3100 ,quia
1577 2992 1820 3077 tantbmhlc

279 3128 401 3225 negat
414 3108 637 3222 Gregorius
660 3107 835 3195 diversus
860 3106 1012 3192 animas
1045 3106 1086 3189 in
1113 3107 1279 3193 homine
1294 3167 1310 3209 ,
1326 3105 1494 3219 seorsum
1514 3108 1621 3225 quast
1641 3110 1823 3195 limitibus

275 3224 612 3339 circumscriptam
635 3254 717 3311 non
748 3248 887 3312 autem
908 3242 1030 3337 negat
1056 3223 1235 3331 diversas
1253 3247 1441 3327 naturas,
1467 3228 1740 3342 vegetativam
1754 3228 1829 3313 sci-

282 3346 413 3445 licet,
445 3348 487 3429 ἀ
509 3340 770 3445 sensitivam,
794 3348 836 3428 dr
867 3340 1139 3446 rationalem,
1174 3345 1294 3431 itaut
1319 3345 1547 3459 vegetativa
1561 3343 1620 3453 'sit
1642 3345 1830 3433 subordi-

283 3486 376 3549 nate
396 3466 437 3547 ἀ
459 3462 617 3548 subdita
644 3459 869 3561 sensitiva,
897 3466 940 3545 dr
962 3458 1149 3549 senttiva
1165 3464 1377 3566 rationali,
1400 3488 1525 3574 prout
1543 3467 1585 3550 iii
1607 3466 1833 3579 superiori·

179 3612 185 3619 ·
281 3584 358 3667 bus
380 3579 548 3673 docmti
572 3581 654 3667 ille
676 3601 813 3666 autem
835 3600 1016 3679 naturae,
1039 3582 1266 3695 vegetativa
1293 3643 1308 3684 ,
1330 3588 1372 3669 dr
1400 3580 1612 3686 sensitiva,
1635 3583 1732 3671 licet
1754 3579 1833 3669 fint

285 3698 474 3809 distincte
489 3700 736 3801 irrationali,
755 3696 921 3811 proprie
932 3698 974 3781 in
992 3696 1107 3783 sensu
1124 3699 1226 3786 Divi
1243 3700 1436 3815 Gregorii
1450 3729 1533 3787 non
1555 3704 1647 3791 sunt
1665 3702 1833 3800 animae,
1969 3733 1972 3737 ⁴

142 3903 150 3915 ,
282 3814 355 3905 sed
374 3814 586 3903 facultates
611 3818 785 3917 animae,
813 3816 905 3927 quia
922 3814 1174 3917 subserviunt
1195 3809 1408 3920 rationali,
1437 3848 1526 3931 quae
1549 3819 1643 3905 ideo
1664 3816 1831 3931 proprie
2007 3847 2012 3856 ·

286 3935 437 4021 dicitur
458 3936 591 4020 anima
611 3995 626 4038 ,
649 3938 740 4049 quia
762 3952 929 4020 caeterae
957 3958 1127 4037 movet,
1156 3942 1199 4023 dr
1226 3938 1363 4051 regit;
1390 3943 1432 4021 dr
1456 3940 1709 4047 propterea,
1737 3935 1836 4021 licet

288 4052 491 4141 concedat
517 4051 638 4139 dieas
667 4075 827 4139 naturas
855 4048 936 4139 effe
964 4052 1162 4139 dillinllas
1185 4056 1226 4141 iii
1248 4056 1415 4141 homine
1433 4098 1494 4162 ,μ’
1521 4077 1642 4170 negat
1660 4053 1740 4141 effe
1759 4053 1838 4141 dis-
1899 4064 1908 4151 ἶ

289 4173 432 4259 tiostas
450 4173 600 4256 animas
622 4171 788 4283 proprie
821 4172 948 4283 tales,
973 4166 1076 4256 sicut
1095 4196 1216 4300 negat
1236 4164 1590 4285 auiamprreditlas
1608 4168 1768 4260 natu'ras
1796 4174 1838 4258 iii

287 4289 467 4402 plantis,
490 4294 532 4375 dr
550 4289 679 4377 brutis
697 4288 862 4402 proprie
887 4288 970 4375 dici
990 4290 1143 4377 animas
1166 4352 1181 4395 ,
1217 4292 1287 4379 sed
1305 4295 1465 4379 tantbm
1483 4284 1645 4381 abusivi
1665 4298 1739 4390 r&
1758 4293 1840 4379 lioe

289 4436 375 4495 tion
398 4407 601 4511 obstante,
624 4410 707 4520 ipse
730 4406 923 4495 concedit
944 4408 1098 4527 plantis
1124 4432 1311 4500 naturam
1349 4412 1656 4527 vegetativam,
1678 4412 1728 4517 δι’
1744 4413 1841 4498 bru·

290 4525 345 4613 tis
370 4522 599 4615 sensitivam
617 4527 815 4619 distindlas
831 4530 853 4610 a
870 4518 996 4611 crall'a
1011 4531 1191 4615 materia.

355 4644 491 4729 LXII.
515 4646 675 4731 Totum
692 4648 772 4733 hoc
800 4644 977 4755 explicat
1000 4645 1112 4757 ipse,
1140 4678 1231 4761 cap.
1259 4672 1324 4761 15.
1349 4649 1518 4735 dicensi
1543 4648 1750 4761 “Siquis
1775 4675 1844 4732 au-

280 4784 322 4846 ti
344 4781 432 4848 tem
445 4760 602 4851 idcirco
613 4765 756 4875 plures
770 4760 851 4851 ell‘e
865 4764 1018 4849 animas
1031 4767 1248 4878 opinatur,
1268 4766 1380 4877 qubd
1393 4788 1528 4852 creata
1545 4770 1737 4854 nonnulla
1755 4764 1845 4865 ,sa-

292 4918 323 4964 n
345 4882 498 4967 cultate
516 4883 723 4969 nutriente
740 4882 854 4984 suut,
868 4880 1062 4993 praedita,
1085 4886 1276 4970 nonnulla
1298 4885 1527 4997 sentiente3
1552 4888 1648 4973 clim
1670 4886 1736 4970 illa
1750 4884 1844 4967 sen·

195 5091 205 5105 Ι
294 5036 325 5082 n
348 5000 424 5103 su,
449 5000 778 5136 ac-intelligentid
802 5009 991 5105 canant,
1019 5004 1053 5087 is
1074 5006 1300 5089 animarum
1322 5002 1537 5119 discrima
1561 5032 1643 5089 non
1665 5002 1756 5086 satis
1775 5021 1846 5085 eit-
1891 5107 1897 5113 ¹

295 5154 326 5200 n
349 5116 497 5228 plicare
520 5119 699 5207 declarat
719 5162 761 5230 t’·
788 5120 846 5204 Et
864 5116 1074 5228 explicatd
1110 5119 1206 5235 quid
1237 5120 1404 5233 proprie
1417 5121 1557 5233 ,quid
1580 5116 1746 5204 ubulivb
1770 5146 1848 5230 per

299 5234 468 5351 aliquod
500 5264 653 5346 numeri
675 5237 862 5355 dmum,
884 5238 1086 5326 subsedit
1109 5270 1132 5331 ,r
1165 5266 1192 5309 «ι
1213 5241 1495 5353 Quamobrem
1521 5297 1537 5340 ,
1564 5238 1662 5323 clim
1694 5262 1747 5329 aa,
1772 5236 1849 5333 de-
1954 5293 1961 5307 ·
