5150 6667
1382 651 1393 662 '
1523 708 1690 784 240
1809 667 2490 778 VINDIC.
2595 666 3064 756 LULL.
3172 666 3454 751 Tou.
3552 662 3738 748 111.
3836 662 4141 746 Dm.
4242 659 4315 745 1.

1517 824 1632 906 est
1674 817 1972 928 ubique
2015 812 2221 899 illius
2254 806 2760 921 suppositum
2802 866 2830 910 ,
2877 810 2960 892 &
3006 803 3115 892 fic
3150 805 3385 890 datur
3411 802 3774 891 medium
3810 860 3838 904 ‚
3876 800 4038 916 qu&
4077 797 4287 926 illnd
4303 827 4614 912 corpus

1513 938 1759 1049 poffit
1805 924 2043 1019 statui
2074 933 2157 1016 in
2204 925 2547 1041 diverfis·
2578 927 2846 1028 locis·,
2909 923 3131 1036 quod
3178 925 3511 1033 corpori
3552 923 3721 1008 vini
3765 950 3931 1006 non
3978 921 4377 1006 convenit·
4424 951 4452 1016 ς
4520 926 4615 1005 &z

1518 1053 1628 1140 fic
1677 1084 1839 1139 non
1886 1051 2244 1162 sequitur
2280 1045 2810 1133 contradiffio
2842 1103 2867 1144 ‚
2914 1072 3090 1153 quae
3129 1044 3210 1126 in
3258 1069 3611 1152 corpore
3657 1037 4348 1149 circumscriptive
4391 1038 4629 1125 bilo-—

1521 1194 1705 1257 cato
1742 1189 2079 1280 apparet
2108 1228 2135 1268 ,
2165 1168 2355 1251 cnm
2383 1184 2682 1274 corpus
2724 1161 3026 1246 Christi
3063 1158 3742 1245 sacramentaliter
3774 1153 4138 1269 positum
4166 1157 4251 1241 in
4276 1153 4623 1244 diversis

1520 1289 1722 1375 locis
1752 1350 1779 1389 ,
1832 1288 1983 1372 illa'
2006 1284 2172 1369 noh
2210 1281 2544 1392 repleat.
3253 1300 3278 1324 ·
3619 1326 3637 1340 -
4673 1334 4680 1343 .

1637 1406 1912 1489 XLII.
1977 1400 2359 1488 Tandem
2405 1392 3019 1508 praescindendo
3063 1397 3108 1478 ὲ
3154 1393 3586 1504 quaestione
3615 1456 3644 1498 ,
3690 1425 3790 1480 an
3837 1384 4150 1506 corpu&
4167 1392 4637 1504 quodcum·

1526 1552 1682 1636 que
1739 1522 1982 1634 poflit
2026 1516 2711 1603 sacramentaliter
2773 1513 2973 1623 poni
3009 1513 3097 1600 in
3144 1510 3479 1605 diver-fis
3523 1513 3725 1600 locis
3764 1575 3791 1614 ‚
3854 1541 4038 1623 quae
4093 1511 4306 1596 forte
4350 1510 4650 1624 poffet.

1527 1643 1812 1754 agitari
1847 1700 1874 1742 ‚
1921 1637 2124 1722 ficut
2161 1627 2511 1748 agitatur
2545 1660 2685 1732 ea,
2725 1659 2822 1714 an
2870 1629 3090 1715 idem
3118 1659 3417 1742 corpus
3446 1632 3695 1741 possit
3725 1629 3886 1716 effe
3924 1631 4636 1745 circumscriptive

1528 1759 1611 1844 in
1650 1753 1983 1842 diverfis
2029 1753 2231 1839 locis
2278 1784 2298 1833 :
2341 1749 2609 1862 pofl'et
2644 1743 2815 1832 'dici
2846 1777 2999 1857 pro
3044 1748 3292 1833 Lullo
3336 1809 3363 1851 ,
3398 1754 3481 1834 ὃς
3529 1748 3791 1834 citatis
3830 1747 4631 1859 Do&oribu8‚qubd

1529 1876 1613 1960 in
1652 1874 1940 1972 ordine
1987 1868 2587 1968 sacramentali,
2629 1871 2711 1950 δε
2748 1867 3348 1975 consequenter
3376 1867 3478 1951 ad
3498 1867 4154 1953 Incarnationem
4186 1868 4255 1950 F
4262 1866 4631 1970 ilii-Dei,

1528 1995 1755 2100 iuxta
1799 2019 2039 2100 quam
2077 1990 2190 2073 est
2229 1986 2564 2071 stabilita
2594 1986 3281 2069 sacramentorum
3322 1960 3735 2095 dispofitio
3779 2044 3807 2086 ,
3868 1985 4062 2070 unio
4122 1985 4650 2096 hypostatica:

1531 2111 1903 2219 corporis
1940 2108 2014 2194 C
2122 2106 2245 2189 isti
2288 2133 2479 2189 cum
2515 2100 2793 2187 divina
2814 2123 3103 2188 natura
3137 2105 3252 2188 est
3281 2103 3490 2188 ratio
3542 2102 3903 2187 formalis
3949 2108 4035 2188 &
4062 2103 4398 2214 propria
4422 2164 4451 2205 ‚
4480 2132 4639 2190 cur

1365 2244 1377 2253 '
1531 2214 2016 2337 corpus'Ch
2160 2222 2185 2306 i
2227 2221 2470 2333 poffit
2525 2217 2686 2305 efl’e
2729 2220 3406 2305 sacramentaliter
3451 2221 3533 2304 in
3572 2217 3903 2307 diverfis
3939 2221 4199 2334 Incia,
4236 2223 4493 2307 immo
4541 2228 4631 2308 δε

1532 2346 1837 2454 ubique
1879 2374 1905 2436 ς
1961 2341 2470 2454 inde-tamen
2535 2367 2702 2422 non
2751 2338 3109 2446 sequitur
3143 2398 3172 2440 ,
3235 2336 3456 2449 quod
3492 2367 3796 2449 corpus
3837 2339 4024 2449 puri
4064 2340 4425 2429 hominis
4483 2341 4630 2424 ab·

1502 2459 1792 2547 ·solute
1828 2521 1858 2562 ,
1904 2481 2000 2547 ut
2034 2458 2283 2544 infert
2325 2455 2704 2542 laudatus.
2730 2453 3050 2540 Censor
3092 2516 3119 2559 ‚
3160 2485 3325 2540 non
3355 2456 3596 2565 poffit
3630 2455 3796 2543 effe
3835 2458 4517 2545 sacramentaliter
4542 2459 4635 2543 in

1536 2574 1874 2664 diverfis
1910 2577 2115 2664 locis
2161 2607 2184 2670 ;
2233 2574 2714 2673 sedtantt'im
2744 2573 2964 2682 quod
3011 2575 3093 2658 in
3132 2573 3417 2659 ordine
3456 2575 4015 2661 sacramentali
4039 2555 4400 2662 instituto
4432 2605 4642 2664 con·

1534 2695 1916 2782 formiter
1968 2701 2052 2780 ὅ(
2098 2696 2701 2806 consequenter*
2726 2688 2830 2776 ad
2871 2691 3528 2777 Incarnationem
3564 2693 3756 2778 Filii
3795 2693 3972 2780 Dei
4012 2756 4039 2796 ,
4092 2690 4341 2806 purus
4376 2696 4640 2781 homo

1538 2843 1706 2902 non
1751 2815 2024 2925 potest
2053 2812 2254 2924 poni
2291 2814 2372 2897 in
2405 2806 2742 2896 diversis
2773 2809 2982 2895 locis
3029 2785 3714 2896 sacramentalsser
3739 2871 3767 2912 ‚
3807 2806 4014 2897 ficut
4056 2814 4146 2898 in
4167 2814 4473 2900 eodem
4494 2843 4648 2900 or-

1541 2933 1733 3018 dine
1784 2959 2038 3042 purup
2096 2932 2348 3041 homp
2403 2957 2570 3014 non
2634 2923 2900 3039 po'test
2963 2926 3125 3014 effe
3172 2928 3439 3012 Autor
3489 2929 4204 3017 sacramentorum
4249 2964 4274 3025 ;
4333 2934 4419 3016 in
4466 2932 4641 3017 hoc

1497 3090 1500 3093 ·
1541 3070 1818 3136 autem
1861 3049 2064 3146 nibil
2108 3052 2222 3134 est
2274 3047 2469 3133 nota
2522 3044 2861 3158 dignum
2889 3103 2916 3146 2
2972 3047 3164 3131 clim
3200 3045 3698 3132 veriffimum
3748 3044 3849 3133 fit
3880 3077 4177 3159 purum
4210 3051 4639 3136 hominem

1433 3169 1441 3173 ’
1540 3168 1796 3254 mod&
1842 3166 2060 3252 dia&
2101 3195 2273 3252 non
2314 3161 2540 3278 posse
2581 3164 2784 3272 poni
2825 3164 3508 3263 sacramentaliter
3549 3166 3641 3248 in
3682 3167 3958 3253 multis
4004 3168 4204 3253 locis
4250 3197 4273 3262 ς
4314 3175 4395 3254 &
4425 3164 4646 3252 ficut

1540 3285 2053 3379 DThomas
2080 3343 2117 3387 ,
2157 3311 2401 3397 agens
2423 3281 2526 3368 de
2557 3283 3085 3368 Sacramento
3107 3345 3134 3385 ,
3154 3286 3384 3395 plura
3412 3280 3803 3368 dicit-non
3833 3283 4058 3395 posse
4095 3288 4145 3369 a·
4174 3287 4373 3372 Deo
4411 3283 4656 3388 fieri,

1542 3401 1770 3514 quod
1815 3422 2096 3486 tamen
2126 3461 2157 3502 ‚
2216 3422 2311 3485 ut
2373 3399 2823 3506 Caietanus‘
2855 3405 2937 3482 δὲ
2972 3403 3103 3485 aiii
3142 3403 3324 3509 ej-us
3359 3402 3873 3511 Interpretes·
3908 3424 4332 3512 exponunt
4363 3462 4398 3504 ,
4464 3432 4656 3488 nott

1539 3518 2027 3630 intelligitur
2067 3517 2168 3603 de
2215 3546 2384 3602 non
2426 3514 2662 3626 posse
2701 3516 3057 3603 absolute
3086 3580 3117 3620 ‚
3164 3519 3298 3606 sed
3335 3518 3595 3603 solnm
3640 3521 3721 3605 in
3754 3517 4037 3605 ordine
4081 3520 4660 3606 sacramentali

1543 3636 1976 3738 instituto,
2044 3632 2156 3720 fic
2203 3635 2515 3744 pariter
2576 3632 2885 3717 dicitur
2946 3636 3029 3721 in
3084 3638 3247 3723 hoc
3306 3637 3487 3721 casu
3534 3666 3562 3730 ε
3617 3642 3701 3724 3<
3754 3638 3909 3722 hoc
3973 3636 4319 3723 maxime
4358 3637 4669 3722 locum·

1542 3753 1802 3841 habet
1837 3755 1920 3838 in
1967 3752 2329 3839 domina
2362 3751 2630 3852 Luni,
2660 3753 2804 3860 qui·
2844 3751 2926 3838 in
2971 3757 3130 3840 hoc
3162 3755 3372 3841 libro
3410 3757 3730 3841 tantffi'm
3765 3755 3930 3869 agit
3965 3755 4065 3842 de
4105 3757 4651 3854 Sacis-amento

1543 3871 1844 3958 Altaris
1872 3930 1901 3975 ,
1948 3870 2172 3983 quod
2217 3898 2295 3982 q.
2356 3877 2543 3955 126.
2600 3870 2931 3958 resolvit
2974 3872 3276 3962 debere
3322 3871 3483 3957 esse
3528 3875 4194 3985 „consequenter
4220 3873 4326 3958 ad
4367 3874 4652 3958 Incar-

1373 4054 1382 4062 -
1544 3990 1974 4076 nationem
2015 4019 2046 4083 ς
2094 4009 2333 4101 atque
2382 3991 2495 4074 ita
2537 3989 2766 4096 juxta
2817 3992 3038 4080 hunc
3082 3992 3460 4079 ordinem
3490 3991 3813 4085 'debent
3856 3992 4261 4108 intelligi,
4318 4019 4492 4108 quae
4539 4019 4655 4079 ex

1550 4107 1734 4218 eius
1771 4103 2134 4204 domina
2157 4165 2190 4212 2
2222 4105 2554 4220 poss'unt
2584 4106 2723 4193 vel
2765 4139 2936 4198 non
2975 4111 3308 4225 poss'unt
3353 4104 3564 4196 fieri-2.
