5150 6667
1205 680 1207 683 ·
1499 663 1505 673 ⁴
1638 719 1640 722 .
1905 714 1909 717 .
2053 668 2100 731 ,1

623 814 628 821 ’
692 768 755 909 38
839 772 1176 889 VINDIC.
1239 768 1478 887 L'U'L'L.
1521 777 2108 901 Ton.III.D1sr.I.·
2198 893 2201 899 Ι

357 1018 359 1025 ,
706 954 709 961 ’
753 941 867 1029 ΧΙΧ.
889 940 998 1026 Bene
1018 936 1269 1025 confideratd
1289 932 1518 1043 hujusmodi
1530 926 1820 1043 productione,
1835 948 1936 1039 puto
1951 925 2107 1012 nemini
2123 920 2237 1037 poll'e

481 1104 482 1107 κ
535 1124 537 1128 .
696 1052 776 1140 elle
800 1057 1002 1155 dubium,
1031 1054 1142 1165 quod
1162 1042 1210 1137 in*
1225 1054 1488 1166 generatione
1511 1051 1607 1136 Filii
1629 1050 1679 1136 s1t
1700 1044 1930 1153 hujusmodi
1952 1050 2059 1129 astus
2084 1046 2241 1129 corres-

693 1170 880 1282 pondens
906 1171 1137 1265 voluntati;
1161 1176 1204 1255 δε
1226 1150 1308 1255 solai
1329 1168 1545 1254 difficultas
1575 1170 1695 1253 estin
1718 1163 1844 1249 modo
1866 1161 2097 1272 explicandi
2124 1161 2243 1247 illum
2361 1278 2365 1284 η

688 1316 772 1397 per
793 1290 956 1399 aliquod
972 1290 1192 1389 Verbum,
1214 1286 1266 1371 ad
1288 1286 1399 1398 quod
1416 1314 1494 1397 pro
1515 1291 1623 1370 nuni:
1641 1306 1738 1369 utor
1749 1282 1877 1368 verbo
1892 1281 2111 1389 volptcare,
2130 1279 2242 1390 quod

695 1404 748 1490 de
771 1408 809 1491 se
838 1402 1284 1519 fignificatproducere
1310 1405 1548 1504 volentem,
1575 1400 1678 1488 ficut
1697 1399 1943 1519 santificare
1979 1396 2136 1500 (Joan.
2174 1426 2239 1481 ιο.

684 1516 768 1630 13.
782 1544 829 1607 ut
851 1508 1118 1633 explicuimus
1137 1543 1238 1607 tom.
1266 1550 1304 1604 2.
1319 1548 1408 1631 cap.
1435 1549 1473 1603 2.
1497 1522 1647 1631 anum.
1670 1548 1735 1618 14.
1756 1523 1777 1627 )
1795 1516 1853 1600 est
1865 1512 2095 1624 producere
2115 1504 2242 1600 Sanc·-

695 1658 819 1739 tum,
841 1640 1074 1749 honificme,
1105 1638 1334 1748 producere
1356 1638 1544 1737 bonum,
1572 1642 1651 1721 &c
1688 1636 1788 1719 Non
1819 1633 1985 1741 inquam
2002 1633 2137 1741 potest
2158 1630 2241 1718 esse

557 1842 562 1849 ,
692 1754 896 1857 dubium,
915 1755 1025 1866 quod
1047 1753 1166 1841 detur
1187 1756 1253 1839 hic
1277 1758 1385 1837 atius
1407 1750 1729 1862 correspondens
1750 1750 1951 1835 voluntati
1972 1748 2132 1848 Patris,
2150 1752 2245 1857 quia

693 1901 783 1957 non
805 1874 860 1957 est
885 1874 1079 1975 dubium,
1108 1872 1219 1983 quod
1238 1871 1448 1985 generatio
1471 1873 1688 1969 elladius,
1711 1896 1792 1979 quo
1815 1866 1965 1964 Pater,
1987 1867 2072 1975 qui·
2089 1868 2145 1949 est
2165 1884 2244 1950 vo-

697 1988 818 2090 lens,
846 1990 1039 2099 producit
1065 1991 1217 2073 Filium
1243 1988 1483 2090 volentem,
1506 1983 1609 2072 ficut
1630 1988 1687 2070 est
1709 1989 1843 2085 attus,
1866 2012 1947 2093 quo
1965 1982 2089 2068 Pater
2112 1984 2241 2067 Sanc-

697 2125 764 2190 tus
787 2106 979 2216 producit
1005 2109 1040 2192 F
1043 2106 1157 2190 ilium
1175 2108 1365 2193 saneim
1384 2164 1397 2206 ,
1421 2110 1463 2193 δι
1487 2127 1566 2213 quo
1589 2104 1713 2187 Pater
1724 2102 1855 2186 bonus
1876 2099 2070 2209 producit
2091 2100 2243 2216 Filium

653 2284 658 2293 -
697 2222 883 2315 bonum;
909 2228 950 2311 dt
971 2225 1293 2334 consequenter,
1320 2218 1423 2306 ficut
1448 2221 1657 2333 generatio
1685 2222 1741 2305 est
1763 2221 1871 2301 atius
1893 2217 1964 2300 suo
1987 2216 2113 2300 modo
2146 2245 2244 2301 cor·

694 2339 954 2462 respondeng
969 2341 1132 2449 reliquis
1151 2340 1237 2425 Dei
1254 2337 1591 2450 persediomhus,
1614 2339 1671 2422 ita
1692 2338 1762 2419 suo
1786 2332 1912 2418 modo
1930 2336 1989 2419 est
2002 2335 2244 2443 correspon-

700 2452 800 2539 dens
828 2455 974 2539 divinae
996 2458 1196 2542 voluntati
1228 2462 1269 2543 ὅ(
1289 2456 1542 2548 intellettui;
1575 2455 1666 2563 quia
1690 2453 1813 2536 Pater
1844 2480 2043 2563 generans
2063 2452 2245 2553 Filium,

698 2572 812 2653 cum¹
828 2570 904 2681 ipfi
931 2577 1209 2658 communicet
1238 2571 1481 2672 essentiam,
1513 2576 1555 2656 ἃ
1590 2599 1733 2655 omnes
1756 2569 1911 2652 divinas
1941 2568 2243 2677 persediones,

627 2714 633 2727 ·
699 2683 804 2771 ficut
826 2686 1018 2796 producit
1040 2690 1154 2775 illum
1175 2689 1331 2773 ratione
1351 2687 1579 2771 sanctitatis
1607 2689 1797 2770 Sandum
1811 2702 1831 2786 ,'
1860 2686 2017 2778 ratione
2047 2684 2241 2769 bonitatis
2350 2792 2356 2804 .

694 2804 884 2906 bonum,
911 2810 991 2889 dcc.
1015 2805 1071 2907 ita
1091 2808 1248 2891 ratione
1264 2804 1490 2888 voluntatis
1520 2803 1714 2914 producit
1737 2804 1975 2902 volentem,
2010 2807 2054 2885 dc
2083 2800 2244 2885 ratione

694 2920 903 3028 sapientiae
932 2922 1046 3005 illum
1067 2923 1259 3032 producit
1280 2922 1516 3030 sapientem.
1598 2966 1601 2973 ·
1647 2974 1653 2981 ·

758 3036 849 3119 XX.
867 3041 987 3122 Hunc
1007 3043 1138 3149 aslum
1159 3038 1376 3121 voluntatis
1391 3038 1431 3118 in
1450 3038 1713 3148 generatione
1728 3040 1763 3122 F
1766 3040 1824 3122 ilii
1835 3036 1998 3123 videtur
2010 3034 2244 3146 exprimere

693 3150 914 3261 Apostolus
930 3153 1084 3239 Coloss'.
1113 3186 1148 3241 1.
1179 3180 1243 3262 13.
1268 3152 1436 3237 dicens:
1458 3154 1540 3262 Qui
1560 3157 1696 3262 eripuit
1715 3187 1787 3237 nos
1806 3157 1853 3239 de
1866 3154 2045 3263 potestate
2067 3154 2243 3236 tenebra-

697 3298 813 3371 rum,
843 3268 885 3355 ὃ·
908 3272 1097 3376 tranjhilit
1120 3275 1160 3352 in
1183 3300 1337 3377 regnum
1364 3269 1459 3351 Filii
1478 3267 1816 3380 alleciionirfiroe,
1836 3272 1904 3357 vel
1923 3272 2122 3354 charitatis
2135 3268 2241 3377 fitoe,

698 3406 746 3465 ut
760 3386 860 3497 legit
872 3386 1142 3497 Augustinus;
1163 3386 1232 3493 qui
1253 3386 1324 3467 lib.
1353 3413 1369 3464 1
1382 3408 1417 3490 5.
1441 3384 1493 3469 de
1516 3387 1667 3477 Trinit.
1691 3416 1788 3496 cap·
1809 3414 1871 3490 19.
1886 3389 2099 3496 postquam
2112 3388 2244 3467 osten·
2369 3474 2371 3476 ,

702 3498 793 3599 dit,
823 3500 933 3610 quod
973 3502 1142 3585 charitas
1170 3501 1456 3610 appropriatur
1489 3503 1660 3611 Spiritui
1691 3506 1872 3602 Sando,
1913 3499 2016 3587 licut
2050 3502 2244 3611 sapientia

700 3614 842 3700 Verbo
858 3675 871 3716 ,
885 3617 1110 3729 subjungit,
1124 3618 1234 3728 quod
1248 3617 1506 3702 nihilominus
1525 3619 1648 3704 Pater
1661 3620 1785 3703 etiam
1803 3622 1860 3703 eil
1882 3620 2054 3703 charitas
2068 3651 2079 3699 ι
2095 3618 2249 3702 “Alio-

702 3772 729 3812 ι,
755 3732 850 3840 quin
869 3733 895 3833 ,'
913 3728 946 3813 li·
967 3732 1007 3817 in
1031 3734 1097 3819 illa
1117 3734 1320 3831 Trinitate
1340 3735 1444 3819 solus
1468 3737 1642 3844 Spirinus
1666 3738 1831 3819 Sanstus
1854 3738 1910 3819 est
1928 3737 2120 3844 charitas,
2144 3764 2245 3844 pro-
2390 3768 2397 3777 ·

702 3886 730 3928 n
755 3848 860 3932 fedo
893 3853 934 3933 ὅ(
958 3849 1086 3935 Filius
1109 3879 1192 3935 non
1215 3852 1334 3935 solius
1357 3850 1674 3951 Patris,veri1m
1691 3853 1814 3937 etiam
1835 3852 2158 3960 spiritnsSanei
2173 3854 2249 3935 Fi-

704 4004 731 4045 „
755 3967 832 4049 lius
850 3966 1066 4049 invenitur.
1086 3969 1148 4050 Ita
1166 3969 1278 4053 enim
1296 3968 1396 4051 locis
1411 3968 1766 4055 innumerabilibus
1787 3968 1935 4053 dicitur
1953 3975 1994 4054 dc
2012 3971 2164 4083 legitur
2174 3971 2209 4053 F
2211 3971 2247 4052 i-
2376 3979 2385 3988 ’

696 4120 731 4161 n
755 4082 833 4191 lius
853 4082 1083 4193 unigenitus
1105 4086 1191 4168 Dei
1214 4085 1375 4187 Patris,
1398 4107 1443 4168 ut
1481 4106 1618 4171 tamen
1654 4090 1696 4170 ὅ(
1724 4085 1822 4173 illud
1841 4115 1984 4175 verum
2010 4084 2095 4190 sit,
2133 4086 2247 4195 quod

696 4237 733 4279 n
757 4198 974 4308 Apostolus
994 4201 1049 4285 ait
1064 4198 1115 4286 de
1137 4202 1235 4287 Deo
1258 4204 1379 4286 Patre
1403 4234 1413 4283 :
1434 4203 1514 4311 Qui
1527 4207 1705 4288 eruitnos
1725 4208 1772 4289 de
1787 4206 1962 4315 potestate
1982 4209 2245 4305 tenebrarum,

555 4396 559 4403 ,
704 4354 733 4394 n
757 4312 798 4397 te
816 4316 1001 4423 transtulit
1017 4320 1056 4400 in
1078 4348 1230 4428 regnum
1253 4319 1348 4404 Filii
1369 4321 1563 4405 charitatis
1577 4319 1675 4432 firae.
1688 4325 1787 4408 Non
1806 4324 1908 4408 dixit
1929 4323 2024 4425 Filii
2036 4324 2117 4424 sui,
2132 4321 2246 4431 qnod

703 4428 736 4512 η’
758 4426 790 4513 fi
813 4432 993 4535 diceret,
1020 4436 1220 4521 verissime
1244 4436 1430 4537 diceret,
1458 4438 1830 4547 quemadmodum,
1860 4442 1951 4549 quia
1977 4440 2082 4551 saepe
2112 4439 2247 4539 dixit,
2290 4505 2292 4514 .

705 4587 734 4627 υ
758 4548 956 4633 verillimd
979 4550 1080 4635 dixit
1102 4584 1114 4645 ;
1136 4554 1206 4639 sed
1236 4554 1292 4637 ait
1316 4552 1410 4636 Filii
1430 4556 1633 4640 charitatis
1657 4559 1747 4641 suae.
1773 4558 1901 4641 Filius
1920 4584 2023 4670 ergo
2043 4558 2245 4659 estetiam

695 4704 733 4743 .‚,
760 4664 933 4773 Spirittls
963 4668 1171 4770 Saniti,s1
1195 4698 1276 4753 non
1298 4672 1355 4751 eli
1378 4671 1417 4754 in
1437 4672 1503 4755 illa
1524 4674 1726 4759 Trinitate
1742 4674 1913 4759 claritas
1930 4674 2016 4757 Dei
2030 4734 2043 4774 ,
2057 4671 2131 4759 nist
2151 4674 2248 4783 Spi-

705 4820 733 4861 η
756 4782 857 4865 ritus
885 4784 1237 4894 Sanetus-Quod,
1265 4782 1296 4869 li
1314 4786 1630 4873 absurdissimum
1656 4796 1748 4893 est,
1774 4794 1893 4875 restat
1917 4812 1964 4874 ut
1998 4820 2082 4874 non
2110 4792 2242 4873 sollnn

696 4939 730 4979 ³2
754 4898 811 4981 ibi
835 4896 885 4981 fit
911 4900 1081 4983 charitas
1112 4902 1288 5009 Spiritus
1315 4904 1512 5006 sanctus,
1543 4907 1805 5017 sedpropter
1829 4908 1921 5009 illa,
1944 4907 1995 4991 de
2015 4908 2162 5018 quibus
2180 4908 2246 4989 sa-

699 5056 728 5095 „
751 5016 806 5097 'tis
833 5010 996 5096 disserui
1014 5075 1030 5115 ,
1050 5012 1106 5097 fic
1126 5040 1308 5102 vocatur.
1331 5018 1457 5128 Quod
1478 5045 1613 5107 autem
1640 5026 1790 5108 ditium
1807 5028 1864 5109 est
1888 5024 2015 5108 :Filii
2043 5028 2246 5108 charitatis

468 5214 474 5223 ,
629 5186 633 5195 ·
700 5168 730 5210 ,n
745 5130 859 5237 fine,
881 5130 980 5213 nihil
1002 5131 1109 5213 alind
1124 5134 1378 5246 intelligatur
1396 5139 1567 5245 quam-F
1571 5142 1628 5224 ilii
1647 5143 1704 5224 sui
1717 5142 1871 5240 dilecti,
1888 5144 2006 5249 quam
2024 5142 2122 5224 Filii
2142 5143 2244 5248 pos·

536 5324 539 5329 .
635 5324 639 5334 f
699 5288 727 5324 n
750 5248 888 5331 tremo
912 5241 1251 5334 substantitestiae.
1270 5249 1457 5346 Charitas
1480 5258 1628 5364 quippe
1652 5258 1811 5356 Patris,
1830 5285 1917 5366 quae
1939 5258 1980 5339 in
1999 5278 2139 5341 natura
2150 5256 2240 5359 ejus

698 5402 726 5442 n
750 5362 1254 5480 estineffabiliterfimplici
1267 5412 1285 5472 μ
1297 5364 1396 5453 nihil
1408 5374 1468 5456 est
1482 5372 1589 5458 aliud
1611 5378 1730 5488 quam
1749 5373 1834 5475 ejus
1860 5374 1941 5483 ipsa
1960 5394 2099 5460 natura
2115 5395 2240 5483 atque
