5150 6667
662 669 1627 794 DIsSERT.V111.§.1V.
1842 724 1939 804 ιιι,

381 841 432 903 ex
452 815 657 928 hucusque
685 813 799 900 distis
825 814 979 898 constat
1000 812 1182 898 totaliter
1213 823 1435 922 convetu,
1464 828 1507 908 δι
1534 850 1617 910 non
1641 855 1894 940 permanere,

435 935 652 1020 LXXVII.
681 932 846 1023 Eodem
864 929 978 1014 sensu
999 928 1174 1032 ibidem,
1192 961 1306 1018 num.
1328 965 1392 1037 14.
1412 942 1551 1026 scribit
1569 946 1711 1034 Lullus
1740 986 1750 1033 ε
1776 955 1834 1037 In'
1851 957 1927 1041 Su⁴¹

350 1154 352 1160 ,
377 1077 564 1136 eramento
583 1047 741 1136 Asturis
757 1048 970 1160 firbstantiu
985 1050 1105 1154 parts
1123 1045 1164 1132 dr
1185 1053 1265 1134 vini
1285 1055 1441 1142 dimittit
1452 1063 1661 1175 occidentia
1665 1066 1752 1176 fine
1766 1103 1924 1182 corrup,

365 1169 502 1270 tione,
523 1166 564 1254 δ’
584 1171 667 1254 ideo
688 1169 740 1277 cst
758 1171 829 1251 stoc
850 1167 1132 1252 Sacramentum
1154 1168 1200 1248 de
1217 1169 1297 1253 illis
1307 1175 1536 1284 principiis,
1558 1210 1641 1291 quae
1661 1185 1796 1269 deuna
1811 1189 1924 1301 fitbs-

376 1289 497 1370 tantia
513 1285 666 1399 poffitnt
685 1284 841 1395 tronfire
870 1285 909 1364 itt
932 1282 1049 1364 otiam
1062 1281 1148 1391 fine
1168 1291 1402 1397 corruptione
1412 1292 1658 1402 fitbjlantiae,
1679 1298 1720 1385 Er
1744 1305 1921 1390 occidert-
2022 1380 2025 1384 .

375 1405 465 1486 tium
483 1437 513 1504 ,·.
529 1433 623 1487 nam
644 1402 711 1488 hle
730 1400 910 1512 loquitur
928 1396 979 1486 de
1003 1401 1267 1509 corruptione
1290 1404 1484 1518 phyfica,
1507 1413 1698 1525 adquam
1720 1422 1924 1534 subsequi.

376 1538 443 1604 tur
459 1521 716 1606 *naturaliter
727 1517 937 1634 generatio
965 1547 977 1608 ;
1010 1544 1099 1625 quae
1123 1517 1287 1626 quidem
1311 1530 1521 1637 corruptio
1554 1562 1629 1618 nec
1666 1537 1923 1627 substantiam
2048 1637 2054 1646 ,

374 1635 553 1748 panis&
570 1639 692 1740 vini,
723 1667 799 1723 nec
822 1662 968 1720 eorum
995 1631 1219 1718 accidentia
1247 1639 1404 1744 afficit,
1434 1649 1561 1754 quia,
1588 1659 1922 1761 permanentibus

328 1849 331 1854 Δ
375 1753 677 1854 accidentibus,
692 1747 906 1840 substantia
930 1746 1013 1834 sme
1037 1749 1103 1834 sua
1123 1750 1293 1863 phyfica
1315 1766 1579 1872 corruptione
1603 1775 1856 1859 convertitur
1878 1777 1920 1860 in

375 1899 525 1981 corpus
552 1879 594 1957 u
619 1873 850 1986 sanguinem
867 1864 1019 1954 Christi
1040 1925 1054 1966 ,
1086 1870 1195 1978 quud
1217 1895 1354 1959 autem
1374 1879 1441 1964 htc
1465 1905 1557 1996 agat
1578 1885 1629 1970 de
1653 1895 1918 2002 corruptione
1959 1971 1964 1980 .

288 2031 290 2034 ·
374 1987 568 2100 physica,
592 1991 667 2100 qud
689 2021 771 2075 non
793 1984 1099 2094 corrumpitur,
1125 1986 1367 2094 substantia,
1401 2025 1488 2106 quae
1507 2008 1782 2109 convertitur,
1802 2032 1917 2120 patet

376 2125 426 2189 tx
441 2106 671 2192 immediate
690 2103 1019 2218 subsequentibus
1034 2101 1096 2185 his
1113 2105 1246 2230 uerbis
1267 2139 1277 2188 τ
1298 2112 1408 2195 Unde
1422 2121 1572 2226 quando
1589 2127 1813 2226 occidentia,
1831 2159 1925 2237 quoe⁴

372 2225 548 2326 (limittit,
569 2249 881 2334 corrumpuntur,
905 2217 979 2304 &a
993 2239 1118 2328 prout
1139 2225 1428 2332 explicavimus
1443 2263 1554 2320 num.
1581 2264 1643 2349 53.
1665 2241 1808 2350 quibus
1822 2273 1915 2329 ver-

371 2341 433 2427 bis
456 2341 605 2444 docet,
630 2342 741 2454 qubd
759 2340 920 2452 quando
944 2334 1167 2422 accidentia
1184 2345 1442 2432 eucharistico
1463 2359 1725 2464 corruptione
1749 2359 1920 2471 phyfict

370 2460 412 2556 in
439 2463 644 2546 stomacho
667 2460 871 2559 hominis,
892 2453 1111 2556 vel-alibi,
1138 2480 1491 2573 corrumpuntur,
1514 2491 1610 2558 tunc
1634 2470 1683 2558 fit·
1703 2477 1918 2584 productio

306 2645 311 2649 .
371 2606 487 2684 novae
510 2578 759 2673 substantiaet
779 2600 820 2662 at
847 2603 900 2658 ue
922 2573 1005 2673 ita,
1033 2571 1126 2655 clun
1148 2575 1250 2661 hanc
1271 2586 1600 2692 corruptionem,
1632 2620 1750 2701 quam
1769 2594 1836 2680 hle
1850 2595 1916 2680 'af-

360 2689 505 2780 firmat
519 2697 681 2784 evenire
704 2695 820 2780 accid
894 2691 982 2776 ibus
1000 2692 1090 2798 post
1103 2695 1589 2809 transubstantiationem,
1612 2733 1738 2822 neget
1749 2711 1919 2806 afficere·
2017 2743 2021 2748 ’

362 2811 626 2909 ,substantiam
648 2818 689 2898 δι
712 2810 935 2898 accidentia
958 2809 999 2891 in
1022 2807 1106 2915 ipsa
1125 2814 1539 2907 transubstantiatione
1558 2883 1582 2924 „
1595 2827 1760 2929 evidens
1782 2832 1839 2912 ost
1858 2831 1915 2927 ibi
2018 2849 2026 2864 ·
2050 2933 2056 2941 Ι

373 2957 493 3042 agere
517 2929 566 3015 de
598 2932 672 3014 hac
703 2927 869 3041 physica
896 2925 1190 3032 corruptione,
1216 2951 1264 3014 ut
1297 2936 1467 3044 ‘amptius
1489 2963 1603 3048 patet
1625 2972 1677 3027 ex
1702 2947 1834 3053 quaest.
1867 2975 1909 3047 4.

370 3075 481 3130 num.
510 3073 546 3156 3.
571 3047 641 3131 ubi
668 3046 835 3158 loquens
856 3045 906 3130 de
935 3042 1173 3131 difficultate
1195 3049 1448 3163 intelligendi
1469 3056 1549 3142 hoc
1573 3061 1910 3164 Sacramentum,

373 3190 462 3248 eam
489 3163 718 3275 ponderat,
741 3187 890 3275 practer
911 3161 1012 3261 alia,
1038 3161 1195 3272 quiam
1215 3167 1301 3274 ipso
1322 3199 1398 3252 non
1414 3172 1607 3285 poffumus
1628 3179 1832 3290 intelligere
1847 3179 1915 3291 fe-

374 3283 533 3365 cundum
560 3308 734 3365 naturum
756 3283 871 3392 nqslri
892 3279 1101 3364 intellec‘sus
1123 3338 1137 3381 ,
1167 3285 1270 3393 qudd
1286 3288 1494 3372 occidentia
1505 3291 1644 3401 poffiru
1652 3293 1851 3404 fttstentori
1869 3300 1908 3380 in
2028 3331 2050 3374 ·.

357 3393 526 3508 xftipfis,
552 3429 623 3482 nec
642 3401 745 3510 qudd
757 3401 802 3481 de
818 3429 920 3507 pone
931 3397 985 3505 fit
1004 3423 1090 3478 curo
1102 3397 1188 3507 stne
1203 3405 1472 3511 corruptione,
1495 3405 1707 3494 &devino
1722 3412 1903 3522 sanguis,
1985 3490 1993 3506 ,
2088 3449 2099 3468 ·

283 3583 287 3588 .
371 3509 412 3597 ἃ
421 3515 483 3624 fic
501 3517 547 3626 de
571 3517 662 3600 aliis
675 3518 969 3625 proprietatibus
982 3573 996 3614 ,
1015 3541 1097 3624 quae
1111 3514 1203 3625 fitur
1215 3517 1333 3627 fitpro
1352 3548 1526 3607 naturum
1576 3530 1645 3611 ubi
1665 3555 1787 3642 negat
1803 3532 1939 3617 illam'
1989 3525 1996 3540 ’

370 3633 704 3742 corruptionem,
737 3661 858 3744 quam
878 3629 1103 3718 intelletlus
1129 3635 1351 3722 secundum
1372 3640 1483 3728 suam
1512 3666 1694 3730 naturam
1721 3649 1912 3761 attingit,
2026 3765 2032 3777 ·
2118 3719 2164 3771 Ι,

362 3745 468 3832 dum
493 3751 604 3856 juxta
633 3770 815 3834 naturam
839 3749 890 3836 de‘
912 3777 1018 3860 pane
1035 3742 1083 3835 fit
1101 3777 1210 3838 caro.

426 3867 665 3954 LXXVIII.
689 3869 739 3951 In
759 3866 902 3954 eadem
926 3869 1059 3978 quaest.
1090 3887 1262 3980 §.num
1288 3879 1328 3954 6.
1351 3873 1534 3979 dicitur,
1566 3884 1667 3993 qudd
1686 3885 1913 3966 Socromen-
1979 3926 1984 3932 ·
2023 3828 2035 3918 ¹·
2075 3897 2102 4008 l·
2134 3819 2159 3942 ··

369 4009 444 4065 uun
460 3983 685 4093 fitJlerttatur
700 3987 739 4067 in
755 3985 959 4095 ῄιόίεᾶρ,
989 3987 1093 4096 quod
1110 3988 1300 4074 atmirrunr
1319 3994 1555 4098 occidentia,
1584 3997 1628 4083 ¹&
1648 4000 1699 4108 est
1718 3998 1913 4109 transtris·
2014 4102 2018 4109 ι
2055 4008 2175 4098 ’·’“,·.

371 4104 568 4185 tortiorum
591 4105 631 4192 iu
662 4132 796 4210 corpus
818 4102 851 4185 C
851 4104 956 4210 tristi
976 4137 989 4185 .·
1019 4103 1162 4213 quibus
1185 4108 1319 4191 verbis
1340 4109 1458 4196 unice
1482 4115 1729 4218 intenditur,
1752 4117 1803 4200 ad
1828 4115 1910 4203 else

301 4283 304 4288 .
373 4217 620 4312 Sacramenti
635 4220 822 4328 requiri,
839 4241 1045 4330 tamquam
1068 4225 1276 4310 materiam
1292 4284 1305 4325 ,
1321 4226 1436 4313 illud
1458 4230 1678 4339 subjeetum
1699 4236 1768 4320 seu
1797 4235 1912 4319 subs·

369 4335 561 4439 tantiam,
584 4365 672 4447 quae
694 4337 1094 4441 transubstantiatur,
1119 4345 1159 4424 dt
1182 4339 1395 4450 persistere
1413 4349 1718 4435 Sacramentum
1735 4381 1811 4462 per
1827 4353 1909 4436 hoc

369 4452 480 4561 qubd
501 4450 551 4537 fit
571 4454 961 4548 transubstantiatum
979 4517 993 4559 ,
1012 4463 1054 4542 u
1073 4456 1221 4542 fastum
1244 4461 1374 4569 ipsum
1397 4493 1545 4573 corpus
1566 4468 1727 4552 Christi.
1752 4470 1912 4553 Praete·

368 4572 449 4669 reb,
465 4573 599 4680 quaest.
625 4599 659 4681 ς.
676 4599 786 4654 num.
817 4569 879 4656 18.
901 4573 1116 4660 scribitur:
1140 4575 1308 4685 chrislus
1329 4581 1632 4696 estpropinquior
1651 4587 1820 4687 homini,
1842 4588 1911 4698 qui

366 4713 473 4770 amat
493 4691 800 4789 Sacramentum,
822 4719 894 4798 per
909 4719 1064 4792 amore,
1092 4695 1204 4804 qudm
1226 4701 1372 4804 corpori
1392 4703 1530 4809 ,quod
1540 4700 1656 4810 sentit
1671 4701 1909 4804 accidentia,

367 4807 504 4916 quibus
527 4807 809 4922 Sacramentum
831 4809 882 4914 est
893 4805 1109 4918 spoliarum.
1125 4800 1310 4901 Dicitur
1331 4837 1468 4898 autem
1491 4819 1795 4904 Sacramentum
1815 4822 1910 4928 spo-

366 4920 508 5004 liatum
532 4921 836 5024 accidentibus,
868 4953 957 5033 quae
981 4931 1003 5010 a
1026 4955 1200 5036 corpore
1223 4929 1400 5014 bominis
1422 4934 1678 5035 sentiuntur„
1703 4937 1793 5043 qui-a
1810 4961 1908 5016 cor-

363 5063 443 5154 pus
463 5038 641 5138 Christi,
673 5039 783 5152 quod
796 5040 851 5124 ibi
873 5042 1111 5156 intelligitur
1124 5073 1199 5152 per
1213 5045 1546 5152 Sacramentum,
1570 5047 1908 5136 sicutetiamsre-

369 5155 620 5264 quentissimd
636 5152 769 5242 in-boc
783 5161 952 5243 trastatu
974 5160 1024 5244 de
1040 5161 1313 5262 Eucharistia,
1336 5170 1490 5250 nonest
1503 5166 1690 5251 affectum
1707 5193 1783 5272 per
1800 5167 1910 5278 phy·
1980 5187 1984 5190 ’
2091 5177 2097 5188 ’

369 5267 492 5361 ficum
512 5273 791 5364 mhaerentiam
811 5276 861 5364 ab
882 5269 975 5390 ipss
997 5275 1274 5415 accidentibus
1294 5311 1310 5384 ·,
1333 5309 1417 5370 nec
1454 5287 1510 5369 est
1536 5283 1633 5485 ipfiDs
1652 5282 1841 5486 {polutum
1862 5288 1908 5385 bt

1699 5425 1728 5508 ¹l
