5150 6667
691 587 791 750 aas:
897 622 1193 722 ultrum.
1233 617 1454 725 nunu.
1503 621 2057 715 transsumam.

689 769 970 860 transmutatio·
988 769 1030 852 in
1053 795 1201 878 panem
1223 767 1385 851 noviter
1405 763 1676 875 productum,
1701 787 1748 864 ut
1765 767 1901 875 plures
1920 792 2027 853 cunt·
2039 767 2126 880 ipso
2145 749 2244 876 sensss

688 891 825 982 tiunts
848 915 996 998 panem
1023 886 1189 996 quidem
1211 910 1365 970 novum
1391 881 1631 997 uergentem
1658 884 1709 970 ad
1731 885 2078 995 corruptionem,
2110 889 2177 972 vel
2195 889 2241 974 in

689 1011 872 1122 quoiam
897 1009 953 1092 cst
975 1006 1137 1114 incepta
1160 1002 1371 1114 corruptio
1393 1033 1406 1095 ς
1431 1007 1473 1086 &
1495 1000 1606 1111 qubd
1623 1004 1827 1112 posterea<
1843 1005 1923 1089 hoc
1945 1029 2049 1112 pane
2072 1004 2241 1114 incepto

688 1127 922 1234 corrumpi,
937 1119 1102 1216 fitnova
1116 1119 1397 1206 transmutatio
1412 1120 1451 1202 in
1474 1146 1641 1220 carnem
1661 1121 1766 1204 illius
1785 1122 1855 1230 qni
1869 1120 2052 1206 comedit
2071 1122 2242 1208 hostiam

689 1251 907 1346 sacratam,
939 1244 1009 1353 qui
1031 1239 1085 1326 fic
1109 1241 1317 1330 nutriturr
1340 1237 1492 1346 &quia
1513 1237 1599 1321 haec
1622 1238 1745 1324 series
1769 1243 1811 1323 δι
1829 1238 2024 1324 successio
2041 1241 2242 1326 transmu-

688 1369 890 1456 tationum
913 1361 1058 1470 incipit
1080 1361 1120 1443 in
1143 1355 1356 1441 substantia
1375 1354 1525 1463 panis,
1552 1359 1594 1440 &
1617 1358 1861 1466 posteriores
1884 1357 2241 1444 transmutationes

552 1579 556 1590 ,
688 1482 1005 1570 connaturaliter
1027 1477 1331 1586 consequuntur
1353 1470 1403 1555 ad
1423 1473 1627 1582 primam,
1651 1475 1745 1559 ideo
1763 1475 1915 1560 dicitur
1928 1473 2119 1562 eamdem
2132 1476 2243 1562 subs·

688 1603 856 1688 tantiam
878 1597 992 1709 panis
1016 1597 1150 1706 primo
1173 1590 1430 1687 transmutari
1444 1591 1485 1674 in
1500 1619 1650 1702 corpus
1666 1591 1818 1678 Christi
1832 1653 1845 1693 ,
1860 1593 2008 1678 deinde
2029 1594 2070 1677 in
2090 1624 2244 1680 novum

687 1749 865 1830 panem,
894 1722 935 1802 δι
971 1714 1144 1806 tandem,
1166 1713 1208 1796 in
1230 1739 1396 1804 carnem
1419 1709 1673 1797 comedentis
1695 1711 1866 1797 hostiam
1892 1711 2088 1796 sacratam
2114 1746 2125 1795 ε
2162 1743 2246 1798 non

688 1837 800 1948 quod
822 1835 966 1922 eadem
987 1832 1199 1919 substantia
1222 1829 1339 1940 panis
1361 1825 1583 1926 secundum
1605 1829 1721 1912 suum
1749 1828 1830 1915 esse
1857 1824 2040 1939 perfistat
2062 1832 2104 1914 in
2126 1830 2243 1916 diuis

616 1959 622 1970 '
687 1953 1118 2053 transmutationibus,
1149 1951 1244 2034 chm
1266 1949 1516 2056 supponatur
1552 1942 1745 2032 conversa
1775 1948 1815 2031 in
1848 1948 1981 2056 prima
2000 1950 2243 2036 transmuta-

661 2115 663 2122 ·
688 2076 801 2160 tione
819 2107 840 2176 ¹;
865 2072 934 2158 sed
957 2073 1052 2182 quia¹
1071 2071 1111 2155 in
1145 2068 1228 2177 ipsa
1250 2063 1404 2152 eadem
1417 2063 1561 2173 incipit
1588 2066 1721 2174 prima
1746 2065 2056 2167 transmutatio,
2085 2095 2255 2178 exque

689 2189 1250 2297 connaturaliter·sequuntur
1276 2181 1549 2292 posteriores,
1573 2183 1723 2280 dicitur
1740 2184 1823 2294 ipsa
1841 2171 2094 2289 in'omnibus
2118 2187 2256 2270 trans--

539 2311 541 2318 '
689 2313 868 2400 mutari:
895 2305 1013 2392 ficuti
1036 2305 1242 2404 dicimus,
1263 2298 1454 2386 eamdem
1472 2300 1643 2389 herbam
1662 2302 1798 2412 primb
1817 2302 2004 2387 converti
2022 2303 2064 2387 in
2082 2331 2249 2389 carnem

689 2430 825 2512 arietis
849 2425 975 2534 ipsam
991 2420 1285 2520 comedentis,
1312 2422 1354 2503 δι
1374 2419 1512 2528 postea
1537 2420 1579 2503 in
1601 2446 1768 2506 carnem
1785 2419 1962 2505 hominis
1981 2419 2139 2506 edentis
2155 2451 2247 2507 car-

689 2555 789 2631 ne'm
810 2543 1021 2630 arietinam
1040 2567 1158 2632 anon
1177 2536 1270 2646 quia
1289 2537 1418 2630 herba
1440 2535 1665 2635 secundum
1681 2537 1798 2634 suum
1820 2535 1900 2626 effe
1923 2535 2125 2642 subfistat,
2147 2539 2246 2627 dum

691 2692 745 2748 ex
769 2690 889 2748 came
912 2659 1087 2746 arietina¹
1102 2653 1150 2741 fit
1171 2654 1453 2749 transmutatio
1476 2651 1756 2768 inhumanam
1775 2683 1939 2743 carnem
1958 2717 1971 2758 ,
1995 2656 2063 2744 sed
2091 2659 2182 2768 quia
2205 2660 2250 2742 in

689 2783 775 2892 ipsa
796 2778 961 2890 incepit·
973 2778 1105 2887 prima
1124 2772 1435 2872 transmutatio,
1458 2801 1512 2868 ex
1533 2801 1612 2883 qua
1634 2770 1813 2884 sequitur
1830 2775 2032 2868 secundas
2052 2780 2094 2861 δι
2118 2773 2173 2860 fic
2197 2775 2249 2860 de

690 2897 840 2984 eodem
855 2896 960 2981 reste
981 2891 1131 2979 dicitur
1144 2890 1403 2981 transmutari
1421 2891 1462 2972 in
1484 2891 1594 2973 varia
1612 2893 1789 3003 corpora
1806 2893 2029 2980 secundum
2047 2894 2246 2978 transmu-

691 3020 868 3102 tationes
891 3014 942 3098 ad
964 3014 1140 3122 primam
1162 3007 1399 3098 naturaliter
1420 3008 1733 3117 consequentes.
2305 3009 2309 3014 ’

710 3190 717 3204 -
750 3133 968 3220 XXXVII.
993 3127 1277 3241 Qubdautem
1300 3153 1417 3215 mens
1442 3124 1554 3213 Lulli
1576 3127 1831 3239 nonsuerit‚
1854 3129 2108 3228 substantiam
2128 3127 2246 3250 parub

659 3281 662 3292 ·
692 3250 915 3338 secundhm
942 3251 1058 3332 strum
1084 3243 1397 3358 effe-remanere
1418 3238 1795 3364 inkEuchar-istinad
1815 3240 2027 3358 sequentes
2045 3250 2248 3336 transmu-

692 3373 896 3480 tationes,
920 3395 996 3450 nec
1018 3367 1097 3451 hoe
1121 3391 1174 3474 err
1195 3359 1444 3466 ejuszverbis
1461 3359 1579 3454 reah
1599 3359 1830 3467 inferarum,
1851 3366 2003 3451 constat
2014 3368 2147 3473 primo.
2161 3365 2249 3450 evi·

694 3487 841 3572 denter
866 3513 918 3569 ex
939 3484 1014 3565 hac
1041 3479 1187 3566 eadem
1210 3477 1458 3586 quaestione,
1487 3478 1560 3567 ubi
1578 3509 1689 3577 num.
1706 3511 1756 3569 ,1.
1777 3509 1855 3593 per
1871 3484 2003 3576 ‚verba
2021 3480 2188 3569 aarum
2205 3512 2245 3566 n.

699 3631 767 3715 ῃ.
786 3601 888 3695 dicit
902 3593 1051 3684 Lullus
1066 3658 1081 3698 ,
1099 3594 1356 3681 substantiam
1379 3595 1495 3703 panis
1507 3595 1726 3706 formaliter
1740 3598 1782 3690 ὅ·
1795 3603 2067 3700 materialiter,
2088 3628 2133 3684 ac
2153 3628 2252 3710 pro-

597 3767 600 3774 .
695 3723 790 3807 inde
806 3719 1002 3820 torosior,
1024 3714 1219 3801 converti.
1234 3713 1276 3797 in
1300 3739 1452 3822 corpus,
1473 3714 1658 3819 Christi,
1688 3718 1745 3804 ita
1766 3736 1815 3804 ut·
1833 3740 1922 3804 tota
1952 3717 2119 3805 essentia
2140 3717 2251 3802 subs-

695 3841 833 3928 tantia
848 3837 962 3949 panis
973 3834 1266 3932 transmutetur
1280 3829 1322 3914 i'ss
1337 3857 1488 3940 corpus
1512 3831 1684 3924 Christi:
1699 3837 1910 3947 quomodo
1924 3866 2024 3951 ergo
2038 3865 2092 3923 ex
2109 3857 2248 3922 mente

696 3960 808 4045 Lulli
821 3958 955 4068 potest
969 3980 1177 4038 remanere
1198 3979 1297 4036 cum
1315 3977 1492 4059 corpore
1508 3950 1661 4044 Christi·
1678 3955 1719 4038 in
1735 3947 1986 4043 Eucharistia
2002 3953 2119 4066 panis
2136 3953 2249 4040 subs-

696 4077 853 4174 tantia,
880 4101 980 4184 quac,
993 4072 1171 4156 totaliter
1194 4073 1235 4153 ἅ
1258 4065 1523 4158 essentialiter.
1538 4073 1782 4183 supponitur
1815 4079 1856 4160 δι
1885 4073 2113 4162 affirmatur
2144 4101 2248 4159 con-

697 4195 809 4280 versa
829 4191 845 4274 i
868 4195 960 4275 Huc
983 4188 1142 4274 accedit
1157 4185 1279 4299 ,quad
1300 4189 1585 4291 mons.·Lulli,
1612 4211 1662 4280 ut
1679 4220 1742 4278 :err
1762 4191 1995 4302 supradietis
2031 4187 2248 4276 evidenter

695 4313 880 4412 constat,
906 4313 964 4395 est
980 4369 1002 4409 ‚.
1018 4307 1130 4420 quod
1146 4333 1221 4416 per
1237 4307 1698 4405 transubstantiationem
1713 4311 1848 4398 taliter
1864 4310 2120 4400 convertitur
2138 4309 2246 4402 subs-

698 4431 855 4530 tantia,
886 4426 998 4538 qubd
1014 4426 1114 4516 nihil
1131 4423 1253 4536 ipsuis
1270 4447 1458 4527 maneat,
1481 4431 1524 4511 ἀ
1541 4427 1626 4537 ipsa
1643 4428 1778 4539 quoad
1799 4431 1915 4513 suum
1940 4426 2021 4516 esse
2049 4426 2149 4512 nihil
2170 4421 2248 4526 fit,
2311 4518 2319 4528 .

699 4547 754 4637 ad
773 4545 1048 4644 differentiam
1067 4545 1233 4630 aliarum
1256 4547 1568 4652 operationum,
1587 4574 1642 4634 ex
1660 4546 1775 4635 diuis
1797 4565 1909 4634 num.
1930 4575 1975 4657 7.
1991 4551 2033 4633 ὅ(
2054 4542 2165 4654 quod
2183 4571 2251 4628 ac·

699 4663 876 4753 ridentia
892 4684 1078 4751 maneant
1097 4659 1178 4749 sine
1200 4660 1390 4765 subjecto.
1412 4664 1616 4767 Secundi,
1635 4665 1730 4773 quia
1750 4666 1792 4749 in
1814 4663 1966 4750 eodem
1980 4665 2123 4750 Textu
2145 4660 2249 4746 dici-

700 4803 796 4888 tur,
816 4784 927 4896 qubd
955 4785 1082 4868 eadem
1097 4777 1311 4891 fitbftamia
1322 4783 1441 4888 panso
1454 4781 1554 4892 post·
1564 4781 1907 4894 transmutationem
1919 4769 2074 4893 frrcsa'm
2097 4784 2138 4864 in
2160 4810 2248 4864 cor·

694 4903 960 5016 pussshristr',
974 4897 1098 5011 potest
1115 4893 1358 5008 transmutari
1374 4901 1415 4982 in
1431 4898 1543 5012 alud
1553 4926 1688 5010 corpus
1701 4961 1715 5004 ,
1730 4899 1877 5012 scilicet
1896 4901 1936 4985 in
1956 4930 2091 5008 corpus
2105 4900 2249 5008 panis,

702 5017 971 5132 ⁸&recuperare
978 5020 1105 5127 prima
1126 5015 1334 5100 academia
1350 5021 1469 5124 pann
1491 5053 1505 5100 .·
1535 5047 1588 5106 ex
1610 5048 1691 5129 quo
1709 5019 1915 5130 sequitur,
1929 5016 2040 5128 quod
2058 5046 2142 5102 non
2162 5043 2251 5099 ma·

702 5163 775 5230 net
794 5137 1004 5224 substantia
1024 5131 1138 5246 panis
1158 5134 1201 5220 in
1217 5133 1490 5235 Eucharistia,
1521 5138 1645 5248 quia,
1668 5132 1700 5220 sr
1720 5157 1934 5237 maneret,
1957 5137 2054 5222 cum
2072 5135 2250 5221 substan·

699 5249 965 5398 tiapanitfer‘r
985 5281 1108 5344 numa.
1125 5280 1160 5340 ι.
1181 5250 1302 5358 huius
1314 5254 1545 5364 quaeffionir
1562 5251 1774 5366 fitcorpus
1789 5254 1973 5340 constans
1992 5279 2045 5341 ex
2057 5249 2192 5340 forma
2204 5257 2251 5340 δι
