<?xml version="1.0" encoding="UTF-8"?>
<!DOCTYPE html PUBLIC "-//W3C//DTD XHTML 1.0 Transitional//EN"
    "http://www.w3.org/TR/xhtml1/DTD/xhtml1-transitional.dtd">
<html xmlns="http://www.w3.org/1999/xhtml" xml:lang="en" lang="en">
 <head>
  <title>
</title>
<meta http-equiv="Content-Type" content="text/html;charset=utf-8" />
  <meta name='ocr-system' content='tesseract 3.04.00' />
  <meta name='ocr-capabilities' content='ocr_page ocr_carea ocr_par ocr_line ocrx_word'/>
</head>
<body>
  <div class='ocr_page' id='page_1' title='image "./vindiciaelullia00pasqgoog_0337.png"; bbox 0 0 5150 6667; ppageno 0'>
   <div class='ocr_carea' id='block_1_1' title="bbox 751 577 2202 714">
    <p class='ocr_par' dir='ltr' id='par_1_1' title="bbox 751 522 2202 714">
     <span class='ocr_line' id='line_1_1' title="bbox 751 577 2202 714; baseline -0.014 -26"><span class='ocrx_word' id='word_1_1' title='bbox 751 605 843 714; x_wconf 81' lang='lat' dir='ltr'>3a6,</span> <span class='ocrx_word' id='word_1_2' title='bbox 901 582 1240 683; x_wconf 81' lang='lat' dir='ltr'><strong>VINDI-C.</strong></span> <span class='ocrx_word' id='word_1_3' title='bbox 1289 577 1555 701; x_wconf 44' lang='lat' dir='ltr'>L&#39;ULLe,</span> <span class='ocrx_word' id='word_1_4' title='bbox 1591 581 2202 686; x_wconf 72' lang='lat' dir='ltr'>To·n.111.1o1sr.111.</span> 
     </span>
    </p>
   </div>
   <div class='ocr_carea' id='block_1_2' title="bbox 660 725 2370 3438">
    <p class='ocr_par' dir='ltr' id='par_1_2' title="bbox 737 725 2296 1317">
     <span class='ocr_line' id='line_1_2' title="bbox 737 725 2296 853; baseline -0.009 -28"><span class='ocrx_word' id='word_1_5' title='bbox 737 732 1051 853; x_wconf 72' lang='lat' dir='ltr'>potesteffifinr&#39;s</span> <span class='ocrx_word' id='word_1_6' title='bbox 1071 733 1235 830; x_wconf 84' lang='lat' dir='ltr'>omnium</span> <span class='ocrx_word' id='word_1_7' title='bbox 1249 727 1497 839; x_wconf 76' lang='lat' dir='ltr'><em>corporalium</em></span> <span class='ocrx_word' id='word_1_8' title='bbox 1516 727 1678 828; x_wconf 80' lang='lat' dir='ltr'>entium„</span> <span class='ocrx_word' id='word_1_9' title='bbox 1691 727 2030 825; x_wconf 77' lang='lat' dir='ltr'>mediunreunimd</span> <span class='ocrx_word' id='word_1_10' title='bbox 2037 725 2182 833; x_wconf 71' lang='lat' dir='ltr'>curisti</span> <span class='ocrx_word' id='word_1_11' title='bbox 2202 745 2296 811; x_wconf 58' lang='lat' dir='ltr'>coni</span> 
     </span>
     <span class='ocr_line' id='line_1_3' title="bbox 739 843 2292 963; baseline -0.009 -22"><span class='ocrx_word' id='word_1_12' title='bbox 739 859 878 963; x_wconf 63' lang='lat' dir='ltr'>juncid</span> <span class='ocrx_word' id='word_1_13' title='bbox 897 884 979 950; x_wconf 75' lang='lat' dir='ltr'>curn</span> <span class='ocrx_word' id='word_1_14' title='bbox 1003 850 1263 961; x_wconf 80' lang='lat' dir='ltr'>corpore,stne</span> <span class='ocrx_word' id='word_1_15' title='bbox 1290 877 1365 961; x_wconf 75' lang='lat' dir='ltr'>quo</span> <span class='ocrx_word' id='word_1_16' title='bbox 1387 846 1516 931; x_wconf 84' lang='lat' dir='ltr'>omniu</span> <span class='ocrx_word' id='word_1_17' title='bbox 1538 844 1751 955; x_wconf 83' lang='lat' dir='ltr'>corporolia</span> <span class='ocrx_word' id='word_1_18' title='bbox 1771 848 1874 930; x_wconf 82' lang='lat' dir='ltr'>entia</span> <span class='ocrx_word' id='word_1_19' title='bbox 1891 875 1968 929; x_wconf 85' lang='lat' dir='ltr'>non</span> <span class='ocrx_word' id='word_1_20' title='bbox 1983 843 2139 961; x_wconf 81' lang='lat' dir='ltr'>poffirrzr</span> <span class='ocrx_word' id='word_1_21' title='bbox 2155 846 2195 926; x_wconf 88' lang='lat' dir='ltr'>in</span> <span class='ocrx_word' id='word_1_22' title='bbox 2209 846 2292 929; x_wconf 83' lang='lat' dir='ltr'>Deo</span> 
     </span>
     <span class='ocr_line' id='line_1_4' title="bbox 743 960 2296 1091; baseline -0.01 -33"><span class='ocrx_word' id='word_1_23' title='bbox 743 978 923 1091; x_wconf 71' lang='lat' dir='ltr'>attingere</span> <span class='ocrx_word' id='word_1_24' title='bbox 935 974 1086 1081; x_wconf 82' lang='lat' dir='ltr'>finem,</span> <span class='ocrx_word' id='word_1_25' title='bbox 1108 972 1192 1055; x_wconf 75' lang='lat' dir='ltr'>crim</span> <span class='ocrx_word' id='word_1_26' title='bbox 1214 970 1323 1051; x_wconf 83' lang='lat' dir='ltr'>Deus</span> <span class='ocrx_word' id='word_1_27' title='bbox 1344 964 1399 1075; x_wconf 83' lang='lat' dir='ltr'>fit</span> <span class='ocrx_word' id='word_1_28' title='bbox 1432 965 1667 1066; x_wconf 82' lang='lat' dir='ltr'>immobilis,</span> <span class='ocrx_word' id='word_1_29' title='bbox 1689 962 2033 1069; x_wconf 76' lang='lat' dir='ltr'>inelemonrubilis,</span> <span class='ocrx_word' id='word_1_30' title='bbox 2064 960 2296 1072; x_wconf 80' lang='lat' dir='ltr'>iirvegetobi-</span> 
     </span>
     <span class='ocr_line' id='line_1_5' title="bbox 743 1076 2295 1201; baseline -0.005 -25"><span class='ocrx_word' id='word_1_31' title='bbox 743 1094 794 1176; x_wconf 81' lang='lat' dir='ltr'>lis</span> <span class='ocrx_word' id='word_1_32' title='bbox 821 1152 834 1194; x_wconf 91' lang='lat'>,</span> <span class='ocrx_word' id='word_1_33' title='bbox 865 1079 1088 1201; x_wconf 73' lang='lat' dir='ltr'>insensabilis</span> <span class='ocrx_word' id='word_1_34' title='bbox 1114 1148 1128 1187; x_wconf 96' lang='lat'>,</span> <span class='ocrx_word' id='word_1_35' title='bbox 1156 1084 1494 1195; x_wconf 71' lang='lat' dir='ltr'>inimaginubilis}</span> <span class='ocrx_word' id='word_1_36' title='bbox 1526 1078 1567 1169; x_wconf 65' lang='grc' dir='ltr'><strong><em>ἃ</em></strong></span> <span class='ocrx_word' id='word_1_37' title='bbox 1587 1081 1642 1192; x_wconf 86' lang='lat' dir='ltr'>fit</span> <span class='ocrx_word' id='word_1_38' title='bbox 1672 1077 1913 1182; x_wconf 67' lang='lat' dir='ltr'>recolibdis,</span> <span class='ocrx_word' id='word_1_39' title='bbox 1939 1080 2193 1192; x_wconf 72' lang='lat' dir='ltr'>intelligibilis</span> <span class='ocrx_word' id='word_1_40' title='bbox 2214 1140 2228 1182; x_wconf 91' lang='lat'>,</span> <span class='ocrx_word' id='word_1_41' title='bbox 2254 1076 2295 1168; x_wconf 69' lang='grc' dir='ltr'>δ’</span> 
     </span>
     <span class='ocr_line' id='line_1_6' title="bbox 743 1190 2043 1317; baseline -0.011 -24"><span class='ocrx_word' id='word_1_42' title='bbox 743 1195 949 1294; x_wconf 73' lang='lat' dir='ltr'>amabilis:</span> <span class='ocrx_word' id='word_1_43' title='bbox 972 1206 1076 1316; x_wconf 76' lang='lat' dir='ltr'>Ergo</span> <span class='ocrx_word' id='word_1_44' title='bbox 1088 1203 1257 1317; x_wconf 84' lang='lat' dir='ltr'>sequitur</span> <span class='ocrx_word' id='word_1_45' title='bbox 1277 1203 1381 1313; x_wconf 76' lang='lat' dir='ltr'>quod</span> <span class='ocrx_word' id='word_1_46' title='bbox 1398 1203 1553 1311; x_wconf 62' lang='lat' dir='ltr'>nugario</span> <span class='ocrx_word' id='word_1_47' title='bbox 1570 1190 1782 1311; x_wconf 68' lang='lat' dir='ltr'>quaestionis</span> <span class='ocrx_word' id='word_1_48' title='bbox 1792 1200 1849 1309; x_wconf 81' lang='lat' dir='ltr'>fir</span> <span class='ocrx_word' id='word_1_49' title='bbox 1868 1200 2043 1285; x_wconf 77' lang='lat' dir='ltr'>tancrado.</span> 
     </span>
    </p>

    <p class='ocr_par' dir='ltr' id='par_1_3' title="bbox 660 1314 2370 3438">
     <span class='ocr_line' id='line_1_7' title="bbox 769 1314 2295 1430; baseline -0.007 -20"><span class='ocrx_word' id='word_1_50' title='bbox 769 1371 776 1383; x_wconf 92' lang='lat'><strong>·</strong></span> <span class='ocrx_word' id='word_1_51' title='bbox 803 1328 877 1422; x_wconf 74' lang='lat' dir='ltr'>IX.</span> <span class='ocrx_word' id='word_1_52' title='bbox 919 1327 1030 1409; x_wconf 89' lang='lat' dir='ltr'>Tota</span> <span class='ocrx_word' id='word_1_53' title='bbox 1055 1323 1141 1407; x_wconf 84' lang='lat' dir='ltr'>haec</span> <span class='ocrx_word' id='word_1_54' title='bbox 1178 1320 1433 1404; x_wconf 83' lang='lat' dir='ltr'>ratiocinatio</span> <span class='ocrx_word' id='word_1_55' title='bbox 1456 1316 1649 1403; x_wconf 86' lang='lat' dir='ltr'>fundatur</span> <span class='ocrx_word' id='word_1_56' title='bbox 1670 1319 1712 1401; x_wconf 92' lang='lat' dir='ltr'>in</span> <span class='ocrx_word' id='word_1_57' title='bbox 1734 1318 1815 1429; x_wconf 59' lang='lat' dir='ltr'>⁸illa</span> <span class='ocrx_word' id='word_1_58' title='bbox 1844 1314 2157 1430; x_wconf 85' lang='lat' dir='ltr'>propofitione:</span> <span class='ocrx_word' id='word_1_59' title='bbox 2186 1316 2295 1399; x_wconf 82' lang='lat' dir='ltr'>Deus</span> 
     </span>
     <span class='ocr_line' id='line_1_8' title="bbox 742 1432 2296 1555; baseline -0.006 -26"><span class='ocrx_word' id='word_1_60' title='bbox 742 1476 828 1532; x_wconf 87' lang='lat' dir='ltr'>cum</span> <span class='ocrx_word' id='word_1_61' title='bbox 839 1442 914 1555; x_wconf 87' lang='lat' dir='ltr'>suo</span> <span class='ocrx_word' id='word_1_62' title='bbox 926 1442 1106 1552; x_wconf 82' lang='lat' dir='ltr'>potestate</span> <span class='ocrx_word' id='word_1_63' title='bbox 1123 1470 1199 1522; x_wconf 88' lang='lat' dir='ltr'>non</span> <span class='ocrx_word' id='word_1_64' title='bbox 1220 1438 1341 1546; x_wconf 84' lang='lat' dir='ltr'>potest</span> <span class='ocrx_word' id='word_1_65' title='bbox 1346 1437 1479 1548; x_wconf 77' lang='lat' dir='ltr'>fircera</span> <span class='ocrx_word' id='word_1_66' title='bbox 1496 1463 1626 1521; x_wconf 84' lang='lat' dir='ltr'>contra</span> <span class='ocrx_word' id='word_1_67' title='bbox 1641 1466 1820 1547; x_wconf 73' lang='lat' dir='ltr'>magnum</span> <span class='ocrx_word' id='word_1_68' title='bbox 1835 1436 2037 1519; x_wconf 82' lang='lat' dir='ltr'>bonitatem</span> <span class='ocrx_word' id='word_1_69' title='bbox 2060 1432 2296 1527; x_wconf 65' lang='lat' dir='ltr'>&amp;virorum</span> 
     </span>
     <span class='ocr_line' id='line_1_9' title="bbox 738 1548 2304 1674; baseline -0.008 -25"><span class='ocrx_word' id='word_1_70' title='bbox 738 1563 821 1674; x_wconf 74' lang='lat' dir='ltr'>flua</span> <span class='ocrx_word' id='word_1_71' title='bbox 831 1562 1030 1673; x_wconf 71' lang='lat' dir='ltr'>stipienriae</span> <span class='ocrx_word' id='word_1_72' title='bbox 1053 1556 1094 1648; x_wconf 67' lang='grc' dir='ltr'>ἃ</span> <span class='ocrx_word' id='word_1_73' title='bbox 1118 1554 1361 1657; x_wconf 76' lang='lat' dir='ltr'>adsumatis,</span> <span class='ocrx_word' id='word_1_74' title='bbox 1398 1583 1519 1666; x_wconf 88' lang='lat' dir='ltr'>quam</span> <span class='ocrx_word' id='word_1_75' title='bbox 1541 1556 1685 1639; x_wconf 85' lang='lat' dir='ltr'>Lullus</span> <span class='ocrx_word' id='word_1_76' title='bbox 1707 1576 1755 1639; x_wconf 88' lang='lat' dir='ltr'>ut</span> <span class='ocrx_word' id='word_1_77' title='bbox 1778 1576 1933 1640; x_wconf 89' lang='lat' dir='ltr'>certam</span> <span class='ocrx_word' id='word_1_78' title='bbox 1955 1548 2173 1666; x_wconf 75' lang='lat' dir='ltr'>supponit,</span> <span class='ocrx_word' id='word_1_79' title='bbox 2206 1553 2304 1665; x_wconf 85' lang='lat' dir='ltr'>quia</span> 
     </span>
     <span class='ocr_line' id='line_1_10' title="bbox 746 1672 2370 1791; baseline -0.003 -26"><span class='ocrx_word' id='word_1_80' title='bbox 746 1708 953 1791; x_wconf 86' lang='lat' dir='ltr'>nunquam</span> <span class='ocrx_word' id='word_1_81' title='bbox 979 1678 1097 1761; x_wconf 90' lang='lat' dir='ltr'>Deus</span> <span class='ocrx_word' id='word_1_82' title='bbox 1113 1675 1274 1757; x_wconf 86' lang='lat' dir='ltr'>suismet</span> <span class='ocrx_word' id='word_1_83' title='bbox 1297 1672 1612 1783; x_wconf 68' lang='lat' dir='ltr'>persedionibus</span> <span class='ocrx_word' id='word_1_84' title='bbox 1639 1672 1842 1757; x_wconf 85' lang='lat' dir='ltr'>contraire</span> <span class='ocrx_word' id='word_1_85' title='bbox 1865 1674 1999 1781; x_wconf 88' lang='lat' dir='ltr'>potest</span> <span class='ocrx_word' id='word_1_86' title='bbox 2014 1704 2033 1773; x_wconf 89' lang='lat'>,·</span> <span class='ocrx_word' id='word_1_87' title='bbox 2051 1673 2139 1757; x_wconf 86' lang='lat' dir='ltr'>haec</span> <span class='ocrx_word' id='word_1_88' title='bbox 2162 1692 2305 1783; x_wconf 35' lang='lat' dir='ltr'>autem,</span> <span class='ocrx_word' id='word_1_89' title='bbox 2364 1701 2370 1717; x_wconf 92' lang='lat'><em>·</em></span> 
     </span>
     <span class='ocr_line' id='line_1_11' title="bbox 743 1788 2301 1901; baseline -0.007 -17"><span class='ocrx_word' id='word_1_90' title='bbox 743 1798 1038 1896; x_wconf 67' lang='lat' dir='ltr'>cuntrarietan,</span> <span class='ocrx_word' id='word_1_91' title='bbox 1070 1822 1153 1877; x_wconf 88' lang='lat' dir='ltr'>non</span> <span class='ocrx_word' id='word_1_92' title='bbox 1173 1790 1373 1901; x_wconf 84' lang='lat' dir='ltr'>accipitur</span> <span class='ocrx_word' id='word_1_93' title='bbox 1394 1819 1471 1901; x_wconf 89' lang='lat' dir='ltr'>pro</span> <span class='ocrx_word' id='word_1_94' title='bbox 1508 1792 1795 1877; x_wconf 85' lang='lat' dir='ltr'>contrarietate</span> <span class='ocrx_word' id='word_1_95' title='bbox 1818 1788 2041 1900; x_wconf 73' lang='lat' dir='ltr'>positiva,</span> <span class='ocrx_word' id='word_1_96' title='bbox 2065 1788 2135 1875; x_wconf 89' lang='lat' dir='ltr'>sed</span> <span class='ocrx_word' id='word_1_97' title='bbox 2160 1790 2301 1899; x_wconf 77' lang='lat' dir='ltr'>potine</span> 
     </span>
     <span class='ocr_line' id='line_1_12' title="bbox 744 1904 2298 2028; baseline -0.005 -30"><span class='ocrx_word' id='word_1_98' title='bbox 744 1944 822 2028; x_wconf 92' lang='lat' dir='ltr'>pro</span> <span class='ocrx_word' id='word_1_99' title='bbox 842 1914 1052 2027; x_wconf 86' lang='lat' dir='ltr'>negativa;</span> <span class='ocrx_word' id='word_1_100' title='bbox 1076 1910 1119 1997; x_wconf 90' lang='lat' dir='ltr'>id</span> <span class='ocrx_word' id='word_1_101' title='bbox 1140 1912 1223 2012; x_wconf 86' lang='lat' dir='ltr'>est,</span> <span class='ocrx_word' id='word_1_102' title='bbox 1242 1911 1361 1996; x_wconf 87' lang='lat' dir='ltr'>Deus</span> <span class='ocrx_word' id='word_1_103' title='bbox 1383 1940 1466 1995; x_wconf 90' lang='lat' dir='ltr'>non</span> <span class='ocrx_word' id='word_1_104' title='bbox 1489 1911 1621 2019; x_wconf 88' lang='lat' dir='ltr'>potest</span> <span class='ocrx_word' id='word_1_105' title='bbox 1641 1906 1776 1995; x_wconf 88' lang='lat' dir='ltr'>facere</span> <span class='ocrx_word' id='word_1_106' title='bbox 1792 1904 1867 1992; x_wconf 80' lang='lat' dir='ltr'>nist</span> <span class='ocrx_word' id='word_1_107' title='bbox 1880 1909 1994 2016; x_wconf 84' lang='lat' dir='ltr'>juxta</span> <span class='ocrx_word' id='word_1_108' title='bbox 2009 1908 2122 2017; x_wconf 78' lang='lat' dir='ltr'>suam</span> <span class='ocrx_word' id='word_1_109' title='bbox 2143 1907 2298 2018; x_wconf 86' lang='lat' dir='ltr'>sapien-</span> 
     </span>
     <span class='ocr_line' id='line_1_13' title="bbox 734 2023 2297 2138; baseline -0.005 -19"><span class='ocrx_word' id='word_1_110' title='bbox 734 2034 873 2137; x_wconf 84' lang='lat' dir='ltr'>tiam,</span> <span class='ocrx_word' id='word_1_111' title='bbox 890 2038 933 2118; x_wconf 68' lang='grc' dir='ltr'>ἃ</span> <span class='ocrx_word' id='word_1_112' title='bbox 954 2032 1235 2130; x_wconf 89' lang='lat' dir='ltr'>voluntatem,</span> <span class='ocrx_word' id='word_1_113' title='bbox 1258 2026 1546 2113; x_wconf 74' lang='lat' dir='ltr'>&amp;secundum</span> <span class='ocrx_word' id='word_1_114' title='bbox 1572 2026 1684 2138; x_wconf 89' lang='lat' dir='ltr'>quod</span> <span class='ocrx_word' id='word_1_115' title='bbox 1700 2028 1776 2111; x_wconf 90' lang='lat' dir='ltr'>scit</span> <span class='ocrx_word' id='word_1_116' title='bbox 1792 2027 1860 2109; x_wconf 86' lang='lat' dir='ltr'>sua</span> <span class='ocrx_word' id='word_1_117' title='bbox 1881 2023 2075 2136; x_wconf 83' lang='lat' dir='ltr'>sapientia</span> <span class='ocrx_word' id='word_1_118' title='bbox 2100 2086 2114 2127; x_wconf 93' lang='lat'>,</span> <span class='ocrx_word' id='word_1_119' title='bbox 2146 2030 2188 2110; x_wconf 79' lang='lat' dir='ltr'>dr</span> <span class='ocrx_word' id='word_1_120' title='bbox 2221 2052 2297 2111; x_wconf 84' lang='lat' dir='ltr'>vo-</span> 
     </span>
     <span class='ocr_line' id='line_1_14' title="bbox 746 2143 2295 2261; baseline -0.005 -24"><span class='ocrx_word' id='word_1_121' title='bbox 746 2152 883 2237; x_wconf 73' lang='lat' dir='ltr'>luntas</span> <span class='ocrx_word' id='word_1_122' title='bbox 897 2150 985 2237; x_wconf 90' lang='lat' dir='ltr'>vult</span> <span class='ocrx_word' id='word_1_123' title='bbox 1003 2180 1014 2243; x_wconf 87' lang='lat'>;</span> <span class='ocrx_word' id='word_1_124' title='bbox 1048 2148 1197 2234; x_wconf 89' lang='lat' dir='ltr'>&amp;hinc</span> <span class='ocrx_word' id='word_1_125' title='bbox 1220 2148 1454 2261; x_wconf 84' lang='lat' dir='ltr'>colligitur,</span> <span class='ocrx_word' id='word_1_126' title='bbox 1477 2175 1560 2237; x_wconf 87' lang='lat' dir='ltr'>non</span> <span class='ocrx_word' id='word_1_127' title='bbox 1582 2146 1695 2255; x_wconf 93' lang='lat' dir='ltr'>loqui</span> <span class='ocrx_word' id='word_1_128' title='bbox 1715 2144 1884 2229; x_wconf 90' lang='lat' dir='ltr'>Lullum</span> <span class='ocrx_word' id='word_1_129' title='bbox 1897 2143 1948 2229; x_wconf 90' lang='lat' dir='ltr'>de</span> <span class='ocrx_word' id='word_1_130' title='bbox 1967 2146 2166 2255; x_wconf 88' lang='lat' dir='ltr'>potestate</span> <span class='ocrx_word' id='word_1_131' title='bbox 2179 2143 2295 2229; x_wconf 88' lang='lat' dir='ltr'>abso-</span> 
     </span>
     <span class='ocr_line' id='line_1_15' title="bbox 747 2260 2305 2377; baseline -0.004 -23"><span class='ocrx_word' id='word_1_132' title='bbox 747 2271 831 2367; x_wconf 82' lang='lat' dir='ltr'>luta</span> <span class='ocrx_word' id='word_1_133' title='bbox 844 2331 858 2373; x_wconf 90' lang='lat'>,</span> <span class='ocrx_word' id='word_1_134' title='bbox 873 2268 942 2353; x_wconf 92' lang='lat' dir='ltr'>sed</span> <span class='ocrx_word' id='word_1_135' title='bbox 956 2268 1115 2351; x_wconf 77' lang='lat' dir='ltr'>tantum</span> <span class='ocrx_word' id='word_1_136' title='bbox 1129 2266 1180 2351; x_wconf 92' lang='lat' dir='ltr'>de</span> <span class='ocrx_word' id='word_1_137' title='bbox 1199 2265 1395 2350; x_wconf 84' lang='lat' dir='ltr'>ordinata.</span> <span class='ocrx_word' id='word_1_138' title='bbox 1428 2262 1495 2349; x_wconf 89' lang='lat' dir='ltr'>Ad</span> <span class='ocrx_word' id='word_1_139' title='bbox 1510 2262 1622 2375; x_wconf 80' lang='lat' dir='ltr'>quod</span> <span class='ocrx_word' id='word_1_140' title='bbox 1634 2261 1947 2376; x_wconf 86' lang='lat' dir='ltr'>intelligendum</span> <span class='ocrx_word' id='word_1_141' title='bbox 1959 2261 2153 2364; x_wconf 87' lang='lat' dir='ltr'>adverto,</span> <span class='ocrx_word' id='word_1_142' title='bbox 2169 2260 2305 2377; x_wconf 63' lang='lat' dir='ltr'>quod,</span> 
     </span>
     <span class='ocr_line' id='line_1_16' title="bbox 743 2380 2304 2495; baseline -0.001 -24"><span class='ocrx_word' id='word_1_143' title='bbox 743 2388 845 2490; x_wconf 74' lang='lat' dir='ltr'>oum</span> <span class='ocrx_word' id='word_1_144' title='bbox 865 2383 1137 2495; x_wconf 69' lang='lat' dir='ltr'>perfectiones</span> <span class='ocrx_word' id='word_1_145' title='bbox 1160 2381 1349 2471; x_wconf 80' lang='lat' dir='ltr'>Deilint</span> <span class='ocrx_word' id='word_1_146' title='bbox 1365 2380 1417 2471; x_wconf 89' lang='lat' dir='ltr'>ad</span> <span class='ocrx_word' id='word_1_147' title='bbox 1435 2383 1615 2471; x_wconf 82' lang='lat' dir='ltr'>invicem</span> <span class='ocrx_word' id='word_1_148' title='bbox 1635 2383 1805 2491; x_wconf 82' lang='lat' dir='ltr'>aequales</span> <span class='ocrx_word' id='word_1_149' title='bbox 1822 2380 2076 2491; x_wconf 80' lang='lat' dir='ltr'>,aequalite&#39;r</span> <span class='ocrx_word' id='word_1_150' title='bbox 2106 2381 2304 2470; x_wconf 70' lang='lat' dir='ltr'>ordinum.</span> 
     </span>
     <span class='ocr_line' id='line_1_17' title="bbox 748 2498 2297 2611; baseline -0.003 -24"><span class='ocrx_word' id='word_1_151' title='bbox 748 2524 817 2587; x_wconf 89' lang='lat' dir='ltr'>tur</span> <span class='ocrx_word' id='word_1_152' title='bbox 838 2502 889 2588; x_wconf 87' lang='lat' dir='ltr'>ad</span> <span class='ocrx_word' id='word_1_153' title='bbox 911 2503 1088 2587; x_wconf 83' lang='lat' dir='ltr'>inuicem</span> <span class='ocrx_word' id='word_1_154' title='bbox 1102 2506 1180 2597; x_wconf 74' lang='lat'>32&amp;</span> <span class='ocrx_word' id='word_1_155' title='bbox 1200 2498 1255 2587; x_wconf 88' lang='lat' dir='ltr'>fic</span> <span class='ocrx_word' id='word_1_156' title='bbox 1270 2504 1445 2611; x_wconf 86' lang='lat' dir='ltr'>potestas</span> <span class='ocrx_word' id='word_1_157' title='bbox 1470 2499 1679 2586; x_wconf 90' lang='lat' dir='ltr'>ordinatur</span> <span class='ocrx_word' id='word_1_158' title='bbox 1693 2498 1743 2584; x_wconf 89' lang='lat' dir='ltr'>ad</span> <span class='ocrx_word' id='word_1_159' title='bbox 1765 2498 2034 2609; x_wconf 88' lang='lat' dir='ltr'>sapientiam,</span> <span class='ocrx_word' id='word_1_160' title='bbox 2056 2506 2098 2583; x_wconf 80' lang='lat' dir='ltr'>dr</span> <span class='ocrx_word' id='word_1_161' title='bbox 2111 2500 2297 2585; x_wconf 88' lang='lat' dir='ltr'>volunta-</span> 
     </span>
     <span class='ocr_line' id='line_1_18' title="bbox 746 2615 2301 2735; baseline -0.004 -28"><span class='ocrx_word' id='word_1_162' title='bbox 746 2643 868 2735; x_wconf 66' lang='lat' dir='ltr'>tem,</span> <span class='ocrx_word' id='word_1_163' title='bbox 890 2626 932 2705; x_wconf 75' lang='grc' dir='ltr'>δι</span> <span class='ocrx_word' id='word_1_164' title='bbox 954 2620 1181 2733; x_wconf 65' lang='lat' dir='ltr'>econverso</span> <span class='ocrx_word' id='word_1_165' title='bbox 1204 2620 1419 2729; x_wconf 87' lang='lat' dir='ltr'>sapientia,</span> <span class='ocrx_word' id='word_1_166' title='bbox 1439 2625 1481 2705; x_wconf 79' lang='lat' dir='ltr'>dr</span> <span class='ocrx_word' id='word_1_167' title='bbox 1500 2620 1687 2703; x_wconf 88' lang='lat' dir='ltr'>voluntas</span> <span class='ocrx_word' id='word_1_168' title='bbox 1702 2616 1941 2703; x_wconf 89' lang='lat' dir='ltr'>ordinantur</span> <span class='ocrx_word' id='word_1_169' title='bbox 1954 2615 2005 2701; x_wconf 91' lang='lat' dir='ltr'>ad</span> <span class='ocrx_word' id='word_1_170' title='bbox 2026 2620 2267 2729; x_wconf 86' lang='lat' dir='ltr'>potestatem</span> <span class='ocrx_word' id='word_1_171' title='bbox 2287 2648 2301 2701; x_wconf 70' lang='lat' dir='ltr'>a</span> 
     </span>
     <span class='ocr_line' id='line_1_19' title="bbox 748 2736 2297 2849; baseline -0.001 -25"><span class='ocrx_word' id='word_1_172' title='bbox 748 2741 924 2849; x_wconf 83' lang='lat' dir='ltr'>potestas</span> <span class='ocrx_word' id='word_1_173' title='bbox 948 2760 1144 2849; x_wconf 87' lang='lat' dir='ltr'>quatenus</span> <span class='ocrx_word' id='word_1_174' title='bbox 1158 2740 1216 2823; x_wconf 89' lang='lat' dir='ltr'>est</span> <span class='ocrx_word' id='word_1_175' title='bbox 1238 2737 1423 2839; x_wconf 84' lang='lat' dir='ltr'>ordinata</span> <span class='ocrx_word' id='word_1_176' title='bbox 1445 2736 1496 2822; x_wconf 92' lang='lat' dir='ltr'>ad</span> <span class='ocrx_word' id='word_1_177' title='bbox 1518 2737 1777 2848; x_wconf 87' lang='lat' dir='ltr'>sapientiam,</span> <span class='ocrx_word' id='word_1_178' title='bbox 1804 2741 1845 2821; x_wconf 73' lang='grc' dir='ltr'>ἃ</span> <span class='ocrx_word' id='word_1_179' title='bbox 1866 2737 2124 2822; x_wconf 85' lang='lat' dir='ltr'>voluntatem</span> <span class='ocrx_word' id='word_1_180' title='bbox 2143 2740 2200 2824; x_wconf 90' lang='lat' dir='ltr'>est</span> <span class='ocrx_word' id='word_1_181' title='bbox 2219 2765 2297 2849; x_wconf 91' lang='lat' dir='ltr'>po-</span> 
     </span>
     <span class='ocr_line' id='line_1_20' title="bbox 660 2852 2303 2966; baseline -0.002 -23"><span class='ocrx_word' id='word_1_182' title='bbox 660 2906 669 2925; x_wconf 94' lang='lat'><strong>·</strong></span> <span class='ocrx_word' id='word_1_183' title='bbox 749 2854 866 2943; x_wconf 86' lang='lat' dir='ltr'>testas</span> <span class='ocrx_word' id='word_1_184' title='bbox 878 2856 1085 2959; x_wconf 90' lang='lat' dir='ltr'>ordinata,</span> <span class='ocrx_word' id='word_1_185' title='bbox 1101 2862 1142 2943; x_wconf 88' lang='lat'><strong>&amp;</strong></span> <span class='ocrx_word' id='word_1_186' title='bbox 1158 2852 1211 2940; x_wconf 91' lang='lat' dir='ltr'>lic</span> <span class='ocrx_word' id='word_1_187' title='bbox 1233 2876 1430 2965; x_wconf 86' lang='lat' dir='ltr'>quatenus</span> <span class='ocrx_word' id='word_1_188' title='bbox 1446 2855 1629 2941; x_wconf 88' lang='lat' dir='ltr'>ordinata</span> <span class='ocrx_word' id='word_1_189' title='bbox 1639 2856 1798 2939; x_wconf 77' lang='lat' dir='ltr'>tantum</span> <span class='ocrx_word' id='word_1_190' title='bbox 1812 2855 2177 2963; x_wconf 78' lang='lat' dir='ltr'>potestsecundum</span> <span class='ocrx_word' id='word_1_191' title='bbox 2191 2854 2303 2966; x_wconf 89' lang='lat' dir='ltr'>quod</span> 
     </span>
     <span class='ocr_line' id='line_1_21' title="bbox 749 2973 2298 3086; baseline -0.002 -27"><span class='ocrx_word' id='word_1_192' title='bbox 749 2974 1069 3086; x_wconf 64' lang='lat' dir='ltr'>sciasapientia,</span> <span class='ocrx_word' id='word_1_193' title='bbox 1105 2981 1146 3058; x_wconf 70' lang='grc' dir='ltr'>ὅ(</span> <span class='ocrx_word' id='word_1_194' title='bbox 1168 2974 1257 3059; x_wconf 89' lang='lat' dir='ltr'>vult</span> <span class='ocrx_word' id='word_1_195' title='bbox 1283 2973 1495 3067; x_wconf 59' lang='lat' dir='ltr'>voluntem</span> <span class='ocrx_word' id='word_1_196' title='bbox 1517 2976 1694 3084; x_wconf 87' lang='lat' dir='ltr'>potestas</span> <span class='ocrx_word' id='word_1_197' title='bbox 1716 2993 1882 3075; x_wconf 88' lang='lat' dir='ltr'>autem,</span> <span class='ocrx_word' id='word_1_198' title='bbox 1906 2996 2104 3084; x_wconf 87' lang='lat' dir='ltr'>quatenus</span> <span class='ocrx_word' id='word_1_199' title='bbox 2128 2974 2177 3059; x_wconf 91' lang='lat' dir='ltr'>ad</span> <span class='ocrx_word' id='word_1_200' title='bbox 2207 3002 2298 3081; x_wconf 83' lang='lat' dir='ltr'>earn</span> 
     </span>
     <span class='ocr_line' id='line_1_22' title="bbox 747 3088 2298 3203; baseline 0 -29"><span class='ocrx_word' id='word_1_201' title='bbox 747 3091 990 3191; x_wconf 82' lang='lat' dir='ltr'>ordinantur</span> <span class='ocrx_word' id='word_1_202' title='bbox 1007 3092 1199 3203; x_wconf 87' lang='lat' dir='ltr'>sapientia</span> <span class='ocrx_word' id='word_1_203' title='bbox 1222 3096 1265 3177; x_wconf 81' lang='lat' dir='ltr'>dc</span> <span class='ocrx_word' id='word_1_204' title='bbox 1281 3093 1505 3193; x_wconf 81' lang='lat' dir='ltr'>voluntas,</span> <span class='ocrx_word' id='word_1_205' title='bbox 1529 3092 1586 3177; x_wconf 85' lang='lat' dir='ltr'>est</span> <span class='ocrx_word' id='word_1_206' title='bbox 1608 3093 1782 3203; x_wconf 83' lang='lat' dir='ltr'>potestas</span> <span class='ocrx_word' id='word_1_207' title='bbox 1805 3091 2008 3201; x_wconf 79' lang='lat' dir='ltr'>absoluta,</span> <span class='ocrx_word' id='word_1_208' title='bbox 2029 3098 2070 3179; x_wconf 82' lang='lat' dir='ltr'>dc</span> <span class='ocrx_word' id='word_1_209' title='bbox 2089 3088 2142 3179; x_wconf 86' lang='lat' dir='ltr'>fic</span> <span class='ocrx_word' id='word_1_210' title='bbox 2165 3094 2298 3201; x_wconf 81' lang='lat' dir='ltr'>potest</span> 
     </span>
     <span class='ocr_line' id='line_1_23' title="bbox 748 3208 2302 3323; baseline -0.002 -29"><span class='ocrx_word' id='word_1_211' title='bbox 748 3210 948 3321; x_wconf 90' lang='lat' dir='ltr'>quidquid</span> <span class='ocrx_word' id='word_1_212' title='bbox 968 3212 1025 3297; x_wconf 88' lang='lat' dir='ltr'>est</span> <span class='ocrx_word' id='word_1_213' title='bbox 1047 3208 1225 3299; x_wconf 68' lang='lat' dir='ltr'>absoluti</span> <span class='ocrx_word' id='word_1_214' title='bbox 1254 3210 1469 3323; x_wconf 81' lang='lat' dir='ltr'>possibile,</span> <span class='ocrx_word' id='word_1_215' title='bbox 1497 3215 1538 3296; x_wconf 71' lang='grc' dir='ltr'>ὅ(</span> <span class='ocrx_word' id='word_1_216' title='bbox 1566 3240 1648 3295; x_wconf 91' lang='lat' dir='ltr'>non</span> <span class='ocrx_word' id='word_1_217' title='bbox 1676 3210 1837 3293; x_wconf 71' lang='lat' dir='ltr'>tantum</span> <span class='ocrx_word' id='word_1_218' title='bbox 1859 3210 1971 3321; x_wconf 86' lang='lat' dir='ltr'>quod</span> <span class='ocrx_word' id='word_1_219' title='bbox 1999 3212 2055 3296; x_wconf 89' lang='lat' dir='ltr'>est</span> <span class='ocrx_word' id='word_1_220' title='bbox 2080 3208 2302 3319; x_wconf 74' lang='lat' dir='ltr'>secundum</span> 
     </span>
     <span class='ocr_line' id='line_1_24' title="bbox 748 3327 2300 3438; baseline 0 -27"><span class='ocrx_word' id='word_1_221' title='bbox 748 3329 985 3438; x_wconf 83' lang='lat' dir='ltr'>sapientiam</span> <span class='ocrx_word' id='word_1_222' title='bbox 1009 3334 1050 3413; x_wconf 89' lang='lat'>&amp;</span> <span class='ocrx_word' id='word_1_223' title='bbox 1073 3330 1352 3413; x_wconf 86' lang='lat' dir='ltr'>volantatem:</span> <span class='ocrx_word' id='word_1_224' title='bbox 1375 3328 1511 3431; x_wconf 89' lang='lat' dir='ltr'>unde,</span> <span class='ocrx_word' id='word_1_225' title='bbox 1531 3330 1627 3413; x_wconf 75' lang='lat' dir='ltr'>cum</span> <span class='ocrx_word' id='word_1_226' title='bbox 1644 3329 1787 3411; x_wconf 89' lang='lat' dir='ltr'>Lullus</span> <span class='ocrx_word' id='word_1_227' title='bbox 1810 3328 1852 3411; x_wconf 89' lang='lat' dir='ltr'>in</span> <span class='ocrx_word' id='word_1_228' title='bbox 1870 3330 1949 3414; x_wconf 90' lang='lat' dir='ltr'>hoc</span> <span class='ocrx_word' id='word_1_229' title='bbox 1970 3327 2148 3414; x_wconf 87' lang='lat' dir='ltr'>discursu</span> <span class='ocrx_word' id='word_1_230' title='bbox 2161 3330 2300 3413; x_wconf 82' lang='lat' dir='ltr'>statuat</span> 
     </span>
    </p>
   </div>
   <div class='ocr_carea' id='block_1_3' title="bbox 552 3444 2302 3559">
    <p class='ocr_par' dir='ltr' id='par_1_4' title="bbox 552 3444 2302 3559">
     <span class='ocr_line' id='line_1_25' title="bbox 552 3444 2302 3559; baseline 0.003 -35"><span class='ocrx_word' id='word_1_231' title='bbox 552 3548 556 3559; x_wconf 26' lang='lat'>¹</span> <span class='ocrx_word' id='word_1_232' title='bbox 653 3503 666 3523; x_wconf 70' lang='grc'><em>,</em></span> <span class='ocrx_word' id='word_1_233' title='bbox 748 3472 826 3554; x_wconf 86' lang='lat' dir='ltr'>pro</span> <span class='ocrx_word' id='word_1_234' title='bbox 842 3444 1141 3544; x_wconf 88' lang='lat' dir='ltr'>fundamento,</span> <span class='ocrx_word' id='word_1_235' title='bbox 1169 3446 1312 3531; x_wconf 88' lang='lat' dir='ltr'>Deum</span> <span class='ocrx_word' id='word_1_236' title='bbox 1335 3475 1417 3529; x_wconf 91' lang='lat' dir='ltr'>non</span> <span class='ocrx_word' id='word_1_237' title='bbox 1437 3444 1550 3555; x_wconf 81' lang='lat' dir='ltr'>polse</span> <span class='ocrx_word' id='word_1_238' title='bbox 1569 3445 1702 3551; x_wconf 86' lang='lat' dir='ltr'>facere</span> <span class='ocrx_word' id='word_1_239' title='bbox 1726 3467 1871 3531; x_wconf 88' lang='lat' dir='ltr'>contra</span> <span class='ocrx_word' id='word_1_240' title='bbox 1891 3448 1999 3531; x_wconf 91' lang='lat' dir='ltr'>suam</span> <span class='ocrx_word' id='word_1_241' title='bbox 2024 3445 2302 3557; x_wconf 84' lang='lat' dir='ltr'>sapientiam,</span> 
     </span>
    </p>
   </div>
   <div class='ocr_carea' id='block_1_4' title="bbox 748 3559 2381 4030">
    <p class='ocr_par' dir='ltr' id='par_1_5' title="bbox 748 3559 2381 4030">
     <span class='ocr_line' id='line_1_26' title="bbox 750 3559 2381 3677; baseline -0.001 -30"><span class='ocrx_word' id='word_1_242' title='bbox 750 3566 793 3647; x_wconf 72' lang='grc' dir='ltr'>ἀ</span> <span class='ocrx_word' id='word_1_243' title='bbox 812 3562 1068 3648; x_wconf 86' lang='lat' dir='ltr'>voluntatem</span> <span class='ocrx_word' id='word_1_244' title='bbox 1086 3590 1097 3652; x_wconf 66' lang='grc' dir='ltr'><strong><em>ς</em></strong></span> <span class='ocrx_word' id='word_1_245' title='bbox 1129 3561 1171 3644; x_wconf 92' lang='lat' dir='ltr'>id</span> <span class='ocrx_word' id='word_1_246' title='bbox 1185 3566 1269 3663; x_wconf 89' lang='lat' dir='ltr'>est,</span> <span class='ocrx_word' id='word_1_247' title='bbox 1298 3591 1382 3648; x_wconf 90' lang='lat' dir='ltr'>non</span> <span class='ocrx_word' id='word_1_248' title='bbox 1406 3561 1519 3673; x_wconf 72' lang='lat' dir='ltr'>polle</span> <span class='ocrx_word' id='word_1_249' title='bbox 1541 3562 1675 3649; x_wconf 86' lang='lat' dir='ltr'>facere</span> <span class='ocrx_word' id='word_1_250' title='bbox 1695 3559 1771 3647; x_wconf 88' lang='lat' dir='ltr'>nifi</span> <span class='ocrx_word' id='word_1_251' title='bbox 1785 3563 1895 3675; x_wconf 90' lang='lat' dir='ltr'>quod</span> <span class='ocrx_word' id='word_1_252' title='bbox 1916 3566 1972 3650; x_wconf 90' lang='lat' dir='ltr'>est</span> <span class='ocrx_word' id='word_1_253' title='bbox 1990 3564 2104 3671; x_wconf 83' lang='lat' dir='ltr'>juxta</span> <span class='ocrx_word' id='word_1_254' title='bbox 2127 3564 2292 3674; x_wconf 87' lang='lat' dir='ltr'>sapien·</span> <span class='ocrx_word' id='word_1_255' title='bbox 2375 3668 2381 3677; x_wconf 17' lang='lat' dir='ltr'><em>q</em></span> 
     </span>
     <span class='ocr_line' id='line_1_27' title="bbox 749 3680 2302 3795; baseline 0.001 -32"><span class='ocrx_word' id='word_1_256' title='bbox 749 3680 872 3783; x_wconf 80' lang='lat' dir='ltr'>tiam,</span> <span class='ocrx_word' id='word_1_257' title='bbox 896 3684 938 3765; x_wconf 76' lang='grc' dir='ltr'>δι</span> <span class='ocrx_word' id='word_1_258' title='bbox 959 3680 1241 3781; x_wconf 84' lang='lat' dir='ltr'>voluntatem,</span> <span class='ocrx_word' id='word_1_259' title='bbox 1266 3701 1494 3791; x_wconf 26' lang='lat' dir='ltr'>propterea·</span> <span class='ocrx_word' id='word_1_260' title='bbox 1510 3682 1675 3776; x_wconf 79' lang='lat' dir='ltr'>tantum</span> <span class='ocrx_word' id='word_1_261' title='bbox 1695 3681 1875 3793; x_wconf 87' lang='lat' dir='ltr'>loquitur</span> <span class='ocrx_word' id='word_1_262' title='bbox 1896 3682 1946 3793; x_wconf 82' lang='lat' dir='ltr'>de</span> <span class='ocrx_word' id='word_1_263' title='bbox 1966 3682 2167 3795; x_wconf 87' lang='lat' dir='ltr'>potestate</span> <span class='ocrx_word' id='word_1_264' title='bbox 2186 3680 2302 3783; x_wconf 83' lang='lat' dir='ltr'>ordi-</span> 
     </span>
     <span class='ocr_line' id='line_1_28' title="bbox 748 3819 2303 4030; baseline 0.001 -29"><span class='ocrx_word' id='word_1_265' title='bbox 748 3819 860 4001; x_wconf 61' lang='lat' dir='ltr'>mil.</span> <span class='ocrx_word' id='word_1_266' title='bbox 891 3920 985 4001; x_wconf 92' lang='lat' dir='ltr'>Hoc</span> <span class='ocrx_word' id='word_1_267' title='bbox 1016 3915 1189 4028; x_wconf 75' lang='lat' dir='ltr'>amplius</span> <span class='ocrx_word' id='word_1_268' title='bbox 1209 3914 1433 4001; x_wconf 88' lang='lat' dir='ltr'>ostenditur</span> <span class='ocrx_word' id='word_1_269' title='bbox 1451 3943 1503 4001; x_wconf 80' lang='lat' dir='ltr'>ex</span> <span class='ocrx_word' id='word_1_270' title='bbox 1525 3915 1710 4019; x_wconf 89' lang='lat' dir='ltr'>ratione,</span> <span class='ocrx_word' id='word_1_271' title='bbox 1739 3918 1818 4029; x_wconf 70' lang='lat' dir='ltr'>qud</span> <span class='ocrx_word' id='word_1_272' title='bbox 1835 3918 1984 4030; x_wconf 90' lang='lat' dir='ltr'>probat</span> <span class='ocrx_word' id='word_1_273' title='bbox 2006 3976 2020 4019; x_wconf 92' lang='lat'>,</span> <span class='ocrx_word' id='word_1_274' title='bbox 2044 3914 2156 4028; x_wconf 79' lang='lat' dir='ltr'>quod</span> <span class='ocrx_word' id='word_1_275' title='bbox 2177 3915 2303 4002; x_wconf 80' lang='lat' dir='ltr'>Deus</span> 
     </span>
    </p>
   </div>
   <div class='ocr_carea' id='block_1_5' title="bbox 748 4032 2465 4152">
    <p class='ocr_par' dir='ltr' id='par_1_6' title="bbox 748 4032 2465 4152">
     <span class='ocr_line' id='line_1_29' title="bbox 748 4032 2465 4152; baseline -0.003 -33"><span class='ocrx_word' id='word_1_276' title='bbox 748 4032 883 4144; x_wconf 73' lang='lat' dir='ltr'>pollet</span> <span class='ocrx_word' id='word_1_277' title='bbox 905 4035 1038 4120; x_wconf 88' lang='lat' dir='ltr'>facere</span> <span class='ocrx_word' id='word_1_278' title='bbox 1053 4094 1067 4135; x_wconf 88' lang='lat'>,</span> <span class='ocrx_word' id='word_1_279' title='bbox 1083 4055 1234 4129; x_wconf 84' lang='lat' dir='ltr'>,contra</span> <span class='ocrx_word' id='word_1_280' title='bbox 1249 4034 1351 4144; x_wconf 87' lang='lat' dir='ltr'>ipsas</span> <span class='ocrx_word' id='word_1_281' title='bbox 1371 4096 1384 4135; x_wconf 96' lang='lat'>,</span> <span class='ocrx_word' id='word_1_282' title='bbox 1404 4032 1434 4117; x_wconf 88' lang='lat' dir='ltr'>sr</span> <span class='ocrx_word' id='word_1_283' title='bbox 1457 4033 1651 4145; x_wconf 82' lang='lat' dir='ltr'>potuisset</span> <span class='ocrx_word' id='word_1_284' title='bbox 1672 4032 1748 4121; x_wconf 87' lang='lat' dir='ltr'>fibi</span> <span class='ocrx_word' id='word_1_285' title='bbox 1761 4037 1876 4124; x_wconf 90' lang='lat' dir='ltr'>unire</span> <span class='ocrx_word' id='word_1_286' title='bbox 1897 4036 2072 4147; x_wconf 87' lang='lat' dir='ltr'>aliquam</span> <span class='ocrx_word' id='word_1_287' title='bbox 2085 4034 2301 4145; x_wconf 88' lang='lat' dir='ltr'>irrationa·</span> <span class='ocrx_word' id='word_1_288' title='bbox 2407 4038 2410 4042; x_wconf 81' lang='grc'>’</span> <span class='ocrx_word' id='word_1_289' title='bbox 2464 4145 2465 4152; x_wconf 11' lang='grc' dir='ltr'><strong><em>Ν</em></strong></span> 
     </span>
    </p>
   </div>
   <div class='ocr_carea' id='block_1_6' title="bbox 647 4146 2384 5211">
    <p class='ocr_par' dir='ltr' id='par_1_7' title="bbox 647 4146 2384 5211">
     <span class='ocr_line' id='line_1_30' title="bbox 749 4146 2301 4251; baseline 0.003 -17"><span class='ocrx_word' id='word_1_290' title='bbox 749 4152 834 4236; x_wconf 90' lang='lat' dir='ltr'>lem</span> <span class='ocrx_word' id='word_1_291' title='bbox 856 4172 1113 4251; x_wconf 87' lang='lat' dir='ltr'>creaturam,</span> <span class='ocrx_word' id='word_1_292' title='bbox 1140 4149 1243 4236; x_wconf 88' lang='lat' dir='ltr'>ficut</span> <span class='ocrx_word' id='word_1_293' title='bbox 1261 4146 1336 4236; x_wconf 89' lang='lat' dir='ltr'>libi</span> <span class='ocrx_word' id='word_1_294' title='bbox 1361 4150 1493 4236; x_wconf 88' lang='lat' dir='ltr'>univit</span> <span class='ocrx_word' id='word_1_295' title='bbox 1506 4154 1724 4239; x_wconf 87' lang='lat' dir='ltr'>humanam</span> <span class='ocrx_word' id='word_1_296' title='bbox 1741 4175 1953 4248; x_wconf 87' lang='lat' dir='ltr'>naturam;</span> <span class='ocrx_word' id='word_1_297' title='bbox 1977 4184 2070 4239; x_wconf 91' lang='lat' dir='ltr'>nam</span> <span class='ocrx_word' id='word_1_298' title='bbox 2087 4154 2175 4239; x_wconf 86' lang='lat' dir='ltr'>haec</span> <span class='ocrx_word' id='word_1_299' title='bbox 2196 4153 2301 4238; x_wconf 90' lang='lat' dir='ltr'>ratio</span> 
     </span>
     <span class='ocr_line' id='line_1_31' title="bbox 750 4266 2302 4384; baseline 0.005 -31"><span class='ocrx_word' id='word_1_300' title='bbox 750 4271 824 4354; x_wconf 85' lang='lat' dir='ltr'>stat</span> <span class='ocrx_word' id='word_1_301' title='bbox 842 4270 883 4353; x_wconf 92' lang='lat' dir='ltr'>in</span> <span class='ocrx_word' id='word_1_302' title='bbox 896 4269 1013 4367; x_wconf 34' lang='lat' dir='ltr'>rhoc,</span> <span class='ocrx_word' id='word_1_303' title='bbox 1036 4267 1147 4377; x_wconf 77' lang='lat' dir='ltr'>quod</span> <span class='ocrx_word' id='word_1_304' title='bbox 1168 4267 1219 4352; x_wconf 92' lang='lat' dir='ltr'>ad</span> <span class='ocrx_word' id='word_1_305' title='bbox 1233 4266 1411 4354; x_wconf 89' lang='lat' dir='ltr'>divinam</span> <span class='ocrx_word' id='word_1_306' title='bbox 1432 4270 1670 4381; x_wconf 89' lang='lat' dir='ltr'>sapientiam</span> <span class='ocrx_word' id='word_1_307' title='bbox 1687 4274 1838 4384; x_wconf 66' lang='lat' dir='ltr'>spedat</span> <span class='ocrx_word' id='word_1_308' title='bbox 1858 4270 1933 4358; x_wconf 88' lang='lat' dir='ltr'>fibi</span> <span class='ocrx_word' id='word_1_309' title='bbox 1947 4272 2063 4378; x_wconf 85' lang='lat' dir='ltr'>unire</span> <span class='ocrx_word' id='word_1_310' title='bbox 2086 4294 2302 4373; x_wconf 85' lang='lat' dir='ltr'>naturam,</span> 
     </span>
     <span class='ocr_line' id='line_1_32' title="bbox 750 4385 2302 4503; baseline 0.002 -34"><span class='ocrx_word' id='word_1_311' title='bbox 750 4416 846 4481; x_wconf 84' lang='lat' dir='ltr'>cum</span> <span class='ocrx_word' id='word_1_312' title='bbox 865 4414 943 4497; x_wconf 92' lang='lat' dir='ltr'>qua</span> <span class='ocrx_word' id='word_1_313' title='bbox 956 4388 1099 4469; x_wconf 77' lang='lat' dir='ltr'>mutuo</span> <span class='ocrx_word' id='word_1_314' title='bbox 1119 4385 1337 4498; x_wconf 89' lang='lat' dir='ltr'>participet</span> <span class='ocrx_word' id='word_1_315' title='bbox 1354 4417 1431 4497; x_wconf 82' lang='lat' dir='ltr'>per</span> <span class='ocrx_word' id='word_1_316' title='bbox 1444 4388 1701 4503; x_wconf 88' lang='lat' dir='ltr'>intelligere,</span> <span class='ocrx_word' id='word_1_317' title='bbox 1726 4398 1767 4477; x_wconf 71' lang='grc' dir='ltr'>ἃ</span> <span class='ocrx_word' id='word_1_318' title='bbox 1786 4392 1913 4494; x_wconf 87' lang='lat' dir='ltr'>velle,</span> <span class='ocrx_word' id='word_1_319' title='bbox 1935 4392 2055 4475; x_wconf 88' lang='lat' dir='ltr'>itaut</span> <span class='ocrx_word' id='word_1_320' title='bbox 2073 4420 2164 4501; x_wconf 80' lang='lat' dir='ltr'>earn</span> <span class='ocrx_word' id='word_1_321' title='bbox 2182 4390 2302 4501; x_wconf 82' lang='lat' dir='ltr'>intel·</span> 
     </span>
     <span class='ocr_line' id='line_1_33' title="bbox 750 4504 2301 4621; baseline 0.003 -32"><span class='ocrx_word' id='word_1_322' title='bbox 750 4506 871 4618; x_wconf 86' lang='lat' dir='ltr'>ligat,</span> <span class='ocrx_word' id='word_1_323' title='bbox 896 4510 937 4589; x_wconf 67' lang='grc' dir='ltr'>ὃ(</span> <span class='ocrx_word' id='word_1_324' title='bbox 952 4504 1079 4604; x_wconf 91' lang='lat' dir='ltr'>velit,</span> <span class='ocrx_word' id='word_1_325' title='bbox 1102 4506 1149 4589; x_wconf 92' lang='lat' dir='ltr'>ab</span> <span class='ocrx_word' id='word_1_326' title='bbox 1173 4532 1299 4613; x_wconf 89' lang='lat' dir='ltr'>eaque</span> <span class='ocrx_word' id='word_1_327' title='bbox 1319 4506 1593 4621; x_wconf 80' lang='lat' dir='ltr'>intelligatur,</span> <span class='ocrx_word' id='word_1_328' title='bbox 1616 4514 1658 4595; x_wconf 82' lang='lat' dir='ltr'>dc</span> <span class='ocrx_word' id='word_1_329' title='bbox 1677 4531 1862 4595; x_wconf 86' lang='lat' dir='ltr'>ametur:</span> <span class='ocrx_word' id='word_1_330' title='bbox 1884 4508 2114 4618; x_wconf 84' lang='lat' dir='ltr'>hujusmodi</span> <span class='ocrx_word' id='word_1_331' title='bbox 2137 4536 2301 4619; x_wconf 90' lang='lat' dir='ltr'>quoque</span> 
     </span>
     <span class='ocr_line' id='line_1_34' title="bbox 749 4620 2384 4749; baseline 0.001 -41"><span class='ocrx_word' id='word_1_332' title='bbox 749 4644 903 4749; x_wconf 75' lang='lat' dir='ltr'>naturae</span> <span class='ocrx_word' id='word_1_333' title='bbox 926 4624 1023 4707; x_wconf 88' lang='lat' dir='ltr'>unio</span> <span class='ocrx_word' id='word_1_334' title='bbox 1044 4620 1163 4737; x_wconf 87' lang='lat' dir='ltr'>digna</span> <span class='ocrx_word' id='word_1_335' title='bbox 1181 4625 1237 4708; x_wconf 87' lang='lat' dir='ltr'>est</span> <span class='ocrx_word' id='word_1_336' title='bbox 1256 4644 1303 4709; x_wconf 89' lang='lat' dir='ltr'>ut</span> <span class='ocrx_word' id='word_1_337' title='bbox 1322 4626 1343 4707; x_wconf 70' lang='lat' dir='ltr'>a</span> <span class='ocrx_word' id='word_1_338' title='bbox 1363 4626 1462 4709; x_wconf 92' lang='lat' dir='ltr'>Deo</span> <span class='ocrx_word' id='word_1_339' title='bbox 1486 4649 1671 4729; x_wconf 89' lang='lat' dir='ltr'>ametur,</span> <span class='ocrx_word' id='word_1_340' title='bbox 1692 4628 1749 4713; x_wconf 90' lang='lat' dir='ltr'>ita</span> <span class='ocrx_word' id='word_1_341' title='bbox 1770 4628 1881 4740; x_wconf 73' lang='lat' dir='ltr'>quod</span> <span class='ocrx_word' id='word_1_342' title='bbox 1902 4630 1988 4713; x_wconf 86' lang='lat' dir='ltr'>haec</span> <span class='ocrx_word' id='word_1_343' title='bbox 2009 4628 2159 4723; x_wconf 83' lang='lat' dir='ltr'>Dei&amp;</span> <span class='ocrx_word' id='word_1_344' title='bbox 2181 4650 2305 4711; x_wconf 89' lang='lat' dir='ltr'>natu·</span> <span class='ocrx_word' id='word_1_345' title='bbox 2376 4625 2384 4642; x_wconf 76' lang='grc'><strong>’</strong></span> 
     </span>
     <span class='ocr_line' id='line_1_35' title="bbox 746 4738 2302 4857; baseline 0.002 -32"><span class='ocrx_word' id='word_1_346' title='bbox 746 4770 805 4835; x_wconf 83' lang='lat' dir='ltr'>rae</span> <span class='ocrx_word' id='word_1_347' title='bbox 825 4743 948 4828; x_wconf 84' lang='lat' dir='ltr'>unitae</span> <span class='ocrx_word' id='word_1_348' title='bbox 962 4742 1219 4852; x_wconf 83' lang='lat' dir='ltr'>participatio</span> <span class='ocrx_word' id='word_1_349' title='bbox 1240 4738 1289 4826; x_wconf 87' lang='lat' dir='ltr'>fit</span> <span class='ocrx_word' id='word_1_350' title='bbox 1302 4742 1415 4848; x_wconf 86' lang='lat' dir='ltr'>juxta</span> <span class='ocrx_word' id='word_1_351' title='bbox 1428 4743 1605 4851; x_wconf 86' lang='lat' dir='ltr'>divinam</span> <span class='ocrx_word' id='word_1_352' title='bbox 1621 4750 1662 4853; x_wconf 78' lang='lat' dir='ltr'>dr</span> <span class='ocrx_word' id='word_1_353' title='bbox 1677 4753 1856 4831; x_wconf 86' lang='lat' dir='ltr'>creatam</span> <span class='ocrx_word' id='word_1_354' title='bbox 1867 4746 2121 4854; x_wconf 85' lang='lat' dir='ltr'>bonitatem,</span> <span class='ocrx_word' id='word_1_355' title='bbox 2142 4745 2302 4857; x_wconf 83' lang='lat' dir='ltr'>magni-</span> 
     </span>
     <span class='ocr_line' id='line_1_36' title="bbox 647 4858 2302 4976; baseline -0.003 -23"><span class='ocrx_word' id='word_1_356' title='bbox 647 4924 648 4927; x_wconf 24' lang='lat'>*</span> <span class='ocrx_word' id='word_1_357' title='bbox 750 4858 965 4961; x_wconf 84' lang='lat' dir='ltr'>tudinem,</span> <span class='ocrx_word' id='word_1_358' title='bbox 990 4867 1069 4969; x_wconf 75' lang='lat' dir='ltr'>&amp;c</span> <span class='ocrx_word' id='word_1_359' title='bbox 1091 4892 1101 4951; x_wconf 67' lang='grc' dir='ltr'>ε</span> <span class='ocrx_word' id='word_1_360' title='bbox 1127 4865 1169 4944; x_wconf 88' lang='lat'>&amp;</span> <span class='ocrx_word' id='word_1_361' title='bbox 1191 4860 1385 4946; x_wconf 78' lang='lat' dir='ltr'>cumhaec</span> <span class='ocrx_word' id='word_1_362' title='bbox 1409 4862 1668 4976; x_wconf 89' lang='lat' dir='ltr'>participatio</span> <span class='ocrx_word' id='word_1_363' title='bbox 1691 4894 1775 4949; x_wconf 89' lang='lat' dir='ltr'>non</span> <span class='ocrx_word' id='word_1_364' title='bbox 1791 4866 1914 4976; x_wconf 74' lang='lat' dir='ltr'>poliat</span> <span class='ocrx_word' id='word_1_365' title='bbox 1930 4864 2070 4950; x_wconf 88' lang='lat' dir='ltr'>haberi</span> <span class='ocrx_word' id='word_1_366' title='bbox 2088 4892 2167 4975; x_wconf 88' lang='lat' dir='ltr'>per</span> <span class='ocrx_word' id='word_1_367' title='bbox 2179 4864 2302 4949; x_wconf 90' lang='lat' dir='ltr'>unio-</span> 
     </span>
     <span class='ocr_line' id='line_1_37' title="bbox 749 4978 2308 5093; baseline 0.003 -30"><span class='ocrx_word' id='word_1_368' title='bbox 749 5008 847 5065; x_wconf 91' lang='lat' dir='ltr'>nem</span> <span class='ocrx_word' id='word_1_369' title='bbox 869 5009 965 5064; x_wconf 89' lang='lat' dir='ltr'>cum</span> <span class='ocrx_word' id='word_1_370' title='bbox 995 4996 1177 5064; x_wconf 86' lang='lat' dir='ltr'>creatura</span> <span class='ocrx_word' id='word_1_371' title='bbox 1199 4978 1451 5087; x_wconf 85' lang='lat' dir='ltr'>irrationali,</span> <span class='ocrx_word' id='word_1_372' title='bbox 1482 5009 1571 5090; x_wconf 86' lang='lat' dir='ltr'>qnae</span> <span class='ocrx_word' id='word_1_373' title='bbox 1596 5005 1707 5069; x_wconf 90' lang='lat' dir='ltr'>caret</span> <span class='ocrx_word' id='word_1_374' title='bbox 1730 4984 1965 5086; x_wconf 70' lang='lat' dir='ltr'>intellectu,</span> <span class='ocrx_word' id='word_1_375' title='bbox 1991 4988 2033 5069; x_wconf 77' lang='grc' dir='ltr'>δι</span> <span class='ocrx_word' id='word_1_376' title='bbox 2054 4983 2308 5093; x_wconf 68' lang='lat' dir='ltr'>voluntate,</span> 
     </span>
     <span class='ocr_line' id='line_1_38' title="bbox 750 5093 2300 5211; baseline 0.001 -30"><span class='ocrx_word' id='word_1_377' title='bbox 750 5096 890 5182; x_wconf 87' lang='lat' dir='ltr'>haberi</span> <span class='ocrx_word' id='word_1_378' title='bbox 912 5118 1048 5182; x_wconf 91' lang='lat' dir='ltr'>autem</span> <span class='ocrx_word' id='word_1_379' title='bbox 1072 5093 1205 5207; x_wconf 77' lang='lat' dir='ltr'>pollet</span> <span class='ocrx_word' id='word_1_380' title='bbox 1228 5125 1305 5205; x_wconf 89' lang='lat' dir='ltr'>per</span> <span class='ocrx_word' id='word_1_381' title='bbox 1325 5100 1522 5207; x_wconf 85' lang='lat' dir='ltr'>unionem</span> <span class='ocrx_word' id='word_1_382' title='bbox 1537 5130 1647 5186; x_wconf 74' lang='lat' dir='ltr'>-cum</span> <span class='ocrx_word' id='word_1_383' title='bbox 1674 5123 1815 5211; x_wconf 86' lang='lat' dir='ltr'>natura</span> <span class='ocrx_word' id='word_1_384' title='bbox 1842 5104 2049 5207; x_wconf 82' lang='lat' dir='ltr'>humana,</span> <span class='ocrx_word' id='word_1_385' title='bbox 2080 5100 2177 5209; x_wconf 86' lang='lat' dir='ltr'>ideo</span> <span class='ocrx_word' id='word_1_386' title='bbox 2199 5102 2300 5183; x_wconf 88' lang='lat' dir='ltr'>unio</span> 
     </span>
    </p>
   </div>
   <div class='ocr_carea' id='block_1_7' title="bbox 742 5215 2300 5331">
    <p class='ocr_par' dir='ltr' id='par_1_8' title="bbox 742 5215 2300 5331">
     <span class='ocr_line' id='line_1_39' title="bbox 742 5215 2300 5331; baseline 0.01 -25"><span class='ocrx_word' id='word_1_387' title='bbox 742 5240 847 5323; x_wconf 54' lang='lat' dir='ltr'>tum</span> <span class='ocrx_word' id='word_1_388' title='bbox 874 5236 1017 5303; x_wconf 84' lang='lat' dir='ltr'>natura</span> <span class='ocrx_word' id='word_1_389' title='bbox 1042 5215 1298 5323; x_wconf 86' lang='lat' dir='ltr'>irrationali,</span> <span class='ocrx_word' id='word_1_390' title='bbox 1317 5219 1594 5331; x_wconf 71' lang='lat' dir='ltr'>praetermissa</span> <span class='ocrx_word' id='word_1_391' title='bbox 1627 5220 1778 5309; x_wconf 87' lang='lat' dir='ltr'>unione</span> <span class='ocrx_word' id='word_1_392' title='bbox 1798 5245 1894 5327; x_wconf 79' lang='lat' dir='ltr'>curu</span> <span class='ocrx_word' id='word_1_393' title='bbox 1919 5221 2097 5329; x_wconf 75' lang='lat' dir='ltr'>humana</span> <span class='ocrx_word' id='word_1_394' title='bbox 2117 5238 2300 5327; x_wconf 63' lang='lat' dir='ltr'>naturas</span> 
     </span>
    </p>
   </div>
   <div class='ocr_carea' id='block_1_8' title="bbox 0 0 2588 6660">
    <p class='ocr_par' dir='ltr' id='par_1_9' title="bbox 0 0 2588 6660">
     <span class='ocr_line' id='line_1_40' title="bbox 0 0 2588 6660; baseline 0 0"><span class='ocrx_word' id='word_1_395' title='bbox 0 0 2588 6660; x_wconf 95' lang='lat' dir='ltr'> </span> 
     </span>
    </p>
   </div>
  </div>
 </body>
</html>
