5150 6667
600 668 1450 788 DISSER'T.III.§.I.
1709 683 1866 801 383·

232 822 337 911 con
348 819 433 935 finr
459 818 609 906 audini
622 816 862 903 damnationi
883 842 960 926 per
982 835 1201 925 peccatum
1223 816 1417 929 originale
1441 880 1454 922 ,
1481 818 1584 909 ficut
1615 826 1791 913 solemus

235 941 378 1028 dicere
395 938 585 1026 homines
601 930 920 1047 perversissimus
933 935 1016 1041 jam
1031 930 1114 1019 else
1133 932 1363 1028 damnatum
1376 966 1457 1022 uon
1473 965 1610 1041 antem
1629 972 1791 1056 aequum

234 1062 298 1167 est
317 1057 544 1172 intelligere
571 1056 826 1142 Sarracenos
848 1048 930 1138 effe
957 1046 1076 1135 fimill
1099 1049 1540 1143 damnatione'affedos
1560 1119 1573 1159 ,
1597 1090 1642 1145 ac
1667 1064 1706 1145 in
1727 1064 1791 1147 in-

237 1175 403 1265 sernum
432 1174 644 1275 detrusos,
667 1171 862 1283 quiahoc
885 1166 938 1255 de
959 1168 1194 1255 hominibus
1212 1166 1443 1259 viventibus
1468 1173 1610 1261 inhoc
1637 1176 1791 1263 mundo

235 1296 300 1382 est
317 1293 542 1381 maximum
555 1286 772 1378 obstandum
788 1346 805 1391 ,
819 1286 937 1400 ¹quod
956 1315 1042 1373 non
1062 1290 1121 1375 est
1134 1318 1297 1405 aequum
1315 1291 1483 1378 credere
1507 1293 1674 1377 Lullum
1697 1322 1794 1405 pro·

290 1410 391 1500 lille.
461 1417 465 1425 '
594 1437 597 1443 ·
1138 1472 1149 1480 .,
1399 1481 1404 1490 ,

163 1594 175 1616 .
238 1436 359 1619 ‘mIL
377 1532 491 1617 'Haec
509 1523 732 1614 didasunt
753 1524 882 1610 solum
899 1523 1087 1636 inspectis
1106 1525 1242 1613 verbis
1263 1528 1436 1621 notatis}
1450 1548 1492 1613 at
1514 1508 1688 1614 maximi
1715 1528 1796 1615 mi·

238 1648 417 1737 randum
430 1650 520 1750 est,
542 1648 650 1733 hune
670 1644 921 1745 Censorem,
935 1643 1005 1754 qui
1023 1644 1286 1756 quaestionem
1300 1652 1342 1733 ἀ
1357 1647 1600 1733 solutionem
1615 1650 1656 1732 in
1670 1648 1795 1734 Lullo

241 1768 363 1882 legit,
384 1769 473 1853 lnaec
490 1766 616 1851 verba
629 1761 803 1864 notasse,
818 1791 894 1849 nec
909 1758 1122 1849 advertiflie
1136 1792 1323 1852 errorem
1334 1766 1526 1878 typicum
1541 1766 1583 1851 in
1606 1766 1673 1850 illa
1690 1793 1795 1853 voce
1957 1800 1961 1808 ·

236 1888 430 1984 damnati,
462 1881 594 1985 Sani,
609 1881 850 1993 quandoque
876 1880 1012 1970 bonus
1045 1879 1242 1969 dormitat
1255 1884 1492 1977 Homerust
1520 1882 1590 1969 sed
1611 1883 1796 1969 audiatur

241 2004 421 2089 Lulln'rz
442 2032 473 2075 α
494 2002 675 2115 Quaestio
711 1997 752 2083 8.
790 1999 943 2085 Utnlm
970 2026 1114 2085 omnen
1135 2001 1322 2088 homines
1344 2000 1507 2112 pulsent
1538 2001 1712 2104 salvari,
1741 2002 1798 2087 ita

238 2162 269 2205 n
295 2118 407 2233 quod
425 2120 558 2205 nullus
580 2118 872 2221 damnaretur,
894 2117 990 2204 dato
1017 2115 1129 2230 quod
1153 2146 1298 2207 omnes
1313 2118 1443 2207 essent
1465 2118 1712 2207 Christiani?
1741 2120 1798 2205 Et
1837 2197 1853 2228 ,

241 2280 270 2322 n
295 2268 420 2351 quare
440 2238 651 2324 Sarraceni
670 2235 933 2338 damnantur,
951 2232 984 2320 fi
1002 2236 1172 2323 credant
1189 2239 1229 2325 se
1239 2240 1382 2327 Deum
1397 2236 1660 2325 credereiEt
1673 2265 1796 2350 quare

239 2369 270 2440 η’
295 2358 413 2443 Deus
435 2379 501 2443 tot
518 2356 725 2468 permittit
740 2350 956 2440 infideles?
975 2354 1191 2468 Numquid
1207 2387 1291 2444 non
1309 2358 1410 2446 esset
1424 2358 1569 2444 melius
1584 2357 1799 2471 quodom-

238 2514 271 2557 υ
296 2504 369 2562 nes
392 2474 523 2564 esseni
542 2470 790 2561 Christiani?
813 2474 990 2565 Salutio.
1013 2474 1295 2587 Confiderando
1316 2474 1577 2580 medium&
1619 2505 1707 2561 uam
1730 2478 1800 2561 de·
1824 2442 2005 2524 Tm*
2054 2418 2059 2431 ’

241 2634 273 2676 n
287 2594 527 2705 finitionem,
550 2589 819 2707 respondendo
832 2590 1068 2704 tfirppofitd,
1087 2596 1194 2705 qnod
1206 2624 1336 2682 omnes
1446 2598 1559 2682 inere
1590 2622 1654 2680 ent
1667 2592 1799 2706 corifi·

239 2753 272 2793 n
296 2713 417 2815 ttoni,
435 2709 478 2800 δ’
497 2716 664 2798 renerent
673 2712 937 2820 principium,
964 2710 1151 2814 medium,
1169 2710 1211 2799 ἃ
1221 2716 1373 2825 finem,
1445 2742 1511 2797 are
1550 2738 1641 2815 unt,
1652 2710 1800 2826 poffent

244 2869 275 2914 n
291 2828 445 2941 salvari
464 2864 483 2939 ,-
495 2830 571 2941 sed
585 2831 645 2914 illi
666 2832 731 2941 qui
750 2830 893 2912 deviati
910 2824 1055 2938 fiuntd
1081 2829 1388 2945 medio,firlvnri
1409 2860 1486 2915 nun
1502 2828 1687 2945 poffirnt,
1710 2831 1797 2913 cion
1821 2899 1825 2907 ,

243 2990 274 3032 n
286 2948 389 3059 finis
390 2947 478 3061 fine
499 2951 620 3033 medio
639 2949 772 3031 haberi
789 2977 865 3029 nun
876 2944 999 3055 poffit.
1017 2944 1222 3035 sarraceni
1232 2946 1516 3060 ancenfinvan‘
1535 2978 1612 3031 non
1625 2945 1801 3063 poffirnt,

243 3106 273 3152 n
295 3068 621 3179 cumfintdevinti
634 3066 655 3174 (
670 3095 753 3150 uon
771 3065 944 3147 damnati
961 3123 975 3165 ,
997 3068 1046 3148 us
1058 3092 1197 3174 errore
1212 3069 1359 3180 typico.
1372 3068 1545 3153 habetur
1561 3066 1603 3149 in
1618 3064 1799 3152 editione
1854 3106 1872 3137 f

242 3226 274 3269 n
299 3186 349 3271 ab
368 3185 448 3271 hoc
469 3184 651 3271 Censore
670 3183 1192 3294 examinata)perpeccntum
1207 3184 1393 3295 originale
1407 3218 1426 3289 ,·
1442 3181 1483 3272 Gt
1499 3182 1801 3297 qnodfitpeccu·

242 3342 277 3387 n
297 3328 379 3389 tum
393 3304 578 3412 originale
584 3304 833 3413 probavimus
846 3303 888 3384 in
906 3300 1004 3383 libro
1015 3302 1262 3387 annnorum
1285 3303 1412 3387 Fidei.
1433 3344 1460 3384 n
1897 3388 1902 3395 ,

308 3420 391 3506 ΠΙ.
422 3422 490 3507 Ex
510 3422 735 3508 reflexione
749 3418 1033 3532 hujus'integri
1051 3420 1190 3505 textile
1212 3417 1334 3506 fimul
1357 3426 1398 3507 δι
1421 3419 1531 3505 tituli
1549 3418 1802 3531 quaestionis,

130 3616 135 3621 .
246 3540 378 3627 enno
399 3565 569 3653 apparet
583 3540 737 3629 nedum
754 3567 872 3626 error
889 3538 1055 3651 typicus
1074 3539 1116 3622 in
1131 3540 1260 3626 verbo
1274 3540 1451 3624 damnari
1462 3597 1477 3638 ,
1504 3536 1617 3648 quod
1635 3537 1804 3646 ponitur

75 3759 76 3762 g
248 3661 346 3746 loco‘
362 3661 476 3745 vocis
488 3661 664 3762 deviati,
687 3657 918 3760 sedetiam,
937 3654 1188 3768 quimsacild
1216 3656 1412 3770 cognosci
1434 3674 1598 3766 poterat
1616 3656 1804 3740 Sarrace-

248 3805 327 3861 nos
345 3776 426 3864 elle
441 3778 624 3871 deviator,
635 3782 659 3860 i
671 3777 888 3887 salvatione
903 3802 979 3877 per
996 3796 1214 3879 peccatum
1228 3774 1445 3888 originale}
1462 3773 1552 3885 quia
1562 3757 1707 3857 statuto
1722 3772 1802 3856 hoe

248 3894 456 4005 principio
468 3892 579 4002 quod
596 3887 657 3971 illi
665 3886 762 3997 ,qui
771 3882 1052 3994 firntdeviotid
1067 3891 1188 3975 medio
1194 3888 1429 3997 salvationis
1442 3949 1456 3992 ,
1463 3890 1612 4001 firlvnri
1625 3920 1701 3974 non
1709 3886 1803 4001 pus·

240 4009 360 4125 sunt,
380 4008 547 4094 deducit
568 4004 712 4090 Lullus
731 3995 1065 4105 conclusionem,
1084 4003 1196 4113 quod
1219 4006 1432 4097 Sarraceni
1444 4008 1583 4093 salvari
1600 4037 1684 4094 non
1699 4008 1804 4117 pos-

155 4202 162 4215 .
251 4128 348 4214 sunt
371 4156 383 4217 3
406 4127 452 4211 'ae
472 4124 645 4237 proinde
666 4122 831 4209 causalis
852 4119 920 4207 vel
939 4119 1043 4205 ratio
1064 4180 1081 4223 ,
1105 4148 1229 4231 quare
1251 4123 1390 4208 salvari
1412 4152 1495 4211 uon
1515 4124 1707 4238 possunt,
1729 4124 1805 4211 de-

251 4246 328 4331 bet
350 4241 431 4329 effe
445 4244 547 4355 quia
576 4245 670 4327 sunt
690 4239 865 4332 deviatit
888 4238 1007 4326 aliter
1034 4268 1117 4324 non
1145 4243 1463 4355 cognosceretur
1491 4242 1716 4346 discursus,
1735 4244 1807 4355 qui

233 4359 364 4449 'hunc
382 4363 660 4476 syllogismum
682 4356 999 4470 comprehendit
1020 4388 1032 4439 ε
1053 4358 1125 4441 illi
1144 4364 1209 4472 qui
1219 4358 1315 4472 firnt
1333 4364 1477 4449 deviem
1497 4366 1523 4447 d
1540 4366 1662 4449 medio
1677 4364 1805 4449 silva·

252 4479 380 4567 tionis
402 4542 416 4584 ,
431 4479 584 4594 fitlvdri
599 4476 844 4593 non'poffunt
863 4509 882 4579 ,·
895 4474 969 4587 sed
982 4478 1186 4562 Sarraceni
1207 4476 1302 4591 sunt
1324 4484 1469 4567 devoti
1489 4482 1515 4563 d
1538 4482 1659 4566 medio
1682 4482 1807 4567 salva-

160 4620 182 4651 s
253 4598 383 4685 tionis
387 4628 461 4708 per
468 4623 666 4711 peccatum
682 4596 865 4709 originale
884 4592 1158 4707 :ergofirlvori
1175 4628 1252 4682 non
1265 4600 1430 4717 poffimt.
1450 4595 1598 4699 Unde,
1619 4596 1694 4685 nist
1708 4601 1827 4689 velit*

84 4716 88 4722 ’
256 4715 348 4830 quis
360 4716 587 4807 voluntarie
602 4716 770 4803 Lullum
782 4714 917 4800 facere
937 4712 1244 4826 stupidjffimum
1259 4722 1301 4800 δι
1320 4716 1712 4825 inconsequentem,
1731 4718 1808 4805 de-

179 4879 183 4888 r
255 4834 331 4920 bet
343 4836 560 4949 agnoscere
582 4834 751 4922 Lullum
768 4834 826 4919 ibi
841 4830 1053 4919 intendere
1077 4834 1320 4922 Sarracenos
1340 4831 1453 4938 effe,
1476 4865 1560 4921 non
1572 4838 1806 4935 damnatos,

257 4950 331 5043 sed
348 4955 521 5043 devictos
542 4954 718 5042 imadio
739 4943 964 5037 salvationis
981 4972 1297 5064 perpeccatum
1310 4952 1504 5069 originale
1527 4985 1539 5047 3
1563 4982 1610 5037 ac
1630 4951 1805 5063 proinde

258 5071 506 5163 evanescunt
526 5073 684 5173 omnia,
699 5100 788 5182 quae
802 5099 854 5155 ex
870 5069 1075 5186 supposita
1097 5071 1443 5176 sarracenorum,
1465 5070 1595 5157 adhuc
1617 5071 1721 5157 hanc
1740 5071 1804 5155 vi·

260 5206 348 5273 tam
364 5188 603 5304 degentium
620 5250 635 5293 ,
654 5190 912 5276 damnatione
930 5190 1056 5298 objici
1073 5210 1264 5299 poterant
1276 5213 1420 5278 contra
1442 5190 1616 5275 relatum
1629 5210 1803 5275 textum.

259 5305 573 5409 &condidicit
591 5308 734 5394 Lullus
755 5306 929 5445 desasto
949 5305 1195 5418 scripsisset,
1215 5308 1328 5422 quod
1346 5307 1558 5395 Sarraceui
1578 5306 1669 5395 sunt
1692 5306 1805 5391 dam-
