5150 6667
1525 380 1545 417 d

549 693 562 717 ⁸
704 704 758 830 98
841 702 1186 793 VINDIC.
1247 700 1413 786 LUL
1445 697 1508 786 Li·
1560 694 2112 813 To,u.III.Drsr.I.

700 845 997 957 pandentem(
1037 849 1079 928 ὅ(
1115 838 1421 953 quodammodo
1457 822 1850 947 proportionatam)
1880 863 2030 920 eorum
2062 854 2252 939 natura,

701 964 856 1047 meritis
875 984 1028 1047 ornata
1052 1021 1066 1063 ,
1089 967 1131 1046 dt
1152 955 1352 1044 stc⁰evas1t
1374 956 1476 1041 ordo
1500 979 1652 1057 eorum
1666 954 1845 1063 midique
1869 951 2072 1063 perfeslus
2095 1014 2109 1055 ,
2133 960 2176 1038 ἀ
2196 957 2256 1039 sa-

650 1159 653 1161 ,
701 1082 797 1167 tiata
819 1080 898 1163 fuit
930 1100 1018 1163 tuta
1048 1106 1195 1170 eorum
1221 1077 1421 1186 capacitas
1452 1073 1729 1181 consequendi
1763 1075 1941 1170 Deum,
1980 1100 2064 1181 quo
2091 1072 2257 1157 fuentnt

699 1192 905 1306 compktd
933 1198 1066 1282 beati:
1088 1195 1142 1281 fic
1166 1192 1352 1279 fimiliter
1372 1220 1424 1275 ex
1441 1190 1724 1303 sapientissima
1741 1190 1827 1273 Dei
1846 1188 2104 1302 providentia
2122 1194 2256 1275 auum
2347 1191 2361 1231 ’-

699 1316 1034 1403 είὶ-ὶη,εηίιιια[>υε
1057 1312 1219 1414 beatis(
1235 1312 1338 1396 salva
1356 1302 1586 1393 differentia
1604 1307 1790 1391 innodo
1816 1307 2049 1417 operandi,
2082 1314 2125 1393 dr
2153 1336 2254 1403 con-

699 1432 894 1541 sequendi
916 1434 1088 1531 merita,
1111 1451 1284 1540 propter
1311 1425 1536 1515 animarum
1557 1424 1753 1511 unionem
1776 1453 1873 1509 cttm
1895 1452 2075 1534 corpore
2088 1433 2114 1536 ²)
2135 1448 2253 1537 atque

699 1553 782 1650 ita,
804 1573 852 1635 ut
872 1548 940 1634 eff
994 1548 1197 1657 perfectus
1219 1544 1323 1629 ordo
1346 1544 1572 1627 animarum
1592 1545 1813 1627 sanctarum
1831 1548 1917 1643 ,·&
1938 1544 2035 1653 ipsae
2060 1544 2184 1651 pleni:
2213 1550 2254 1631 a<

698 1667 877 1778 persedd
975 1688 1021 1753 nt
1039 1667 1189 1765 beata,
1209 1649 1266 1748 ita
1281 1658 1438 1767 utellit
1450 1662 1686 1749 satiatatota
1699 1690 1840 1747 earum
1855 1662 2057 1770 capacitas
2073 1690 2085 1754 ;
2101 1684 2286 1747 attenta·

700 1814 841 1871 earum
863 1783 1266 1890 naturae·majoritate
1285 1786 1328 1867 ἀ
1348 1780 1582 1867 minoritate
1611 1778 1810 1867 distribuit
1828 1779 1893 1865 eis.
1909 1780 2027 1865 Deus
2048 1780 2254 1886 majorita-

552 1923 556 1943 ·
698 1924 788 1988 tem
805 1903 1140 1988 &minoritatem
1159 1900 1329 2015 gloriam,
1350 1916 1591 2007 utque-eam
1614 1898 1990 2007 consequerentur,
2012 1899 2254 2008 proportio-

699 2043 792 2106 nata
822 2020 967 2105 merita
1010 2019 1235 2103 distribuit:
1253 2046 1338 2103 non
1358 2013 1469 2128 quod
1490 2034 1632 2099 natura
1653 2016 1830 2125 ipsarum
1866 2016 1916 2101 de
1945 2017 1985 2101 se
2009 2012 2253 2129 fitpropor-
2361 2062 2363 2069 ι

698 2138 854 2239 tionata
876 2144 919 2229 ὅ(
940 2137 1077 2249 exigat
1093 2138 1265 2249 gratiam
1292 2134 1358 2222 vel
1378 2134 1583 2247 gloriam,
1604 2135 1672 2221 vel
1697 2134 1808 2243 quod
1838 2130 1914 2243 ipfi
1937 2134 2168 2237 debeatur,
2190 2134 2257 2219 vel

644 2253 652 2261 ’
699 2253 811 2365 quod
832 2285 907 2364 per
928 2256 967 2340 st
987 2254 1135 2341 debeat
1156 2252 1236 2338 effe
1255 2253 1414 2337 illarum
1433 2250 1618 2343 mensura
1640 2308 1661 2350 ,
1676 2252 1744 2335 vel
1757 2253 1962 2337 ullatenus·
1992 2254 2033 2337 in
2053 2253 2156 2364 ipsas
2179 2282 2255 2363 per

664 2455 667 2460 ,
699 2374 739 2458 se
754 2375 898 2457 influat
915 2395 1073 2467 natura;
1097 2372 1168 2457 sed
1189 2371 1281 2481 quia
1298 2366 1560 2481 pulchritudo
1585 2354 1739 2454 ordinis
1753 2372 2251 2481 caruruexsapientillima

699 2490 787 2605 Dei
808 2490 1066 2601 providentia
1087 2491 1192 2601 petit
1214 2487 1375 2575 easdem
1394 2488 1449 2571 ita
1464 2481 1671 2586 distribui,
1690 2508 1736 2571 ut
1756 2489 1929 2599 majores
1952 2518 2005 2575 ex
2016 2490 2103 2573 Dei
2124 2484 2251 2603 gratia

700 2609 853 2714 majora
875 2610 1172 2717 consequantur
1189 2606 1335 2691 merita
1349 2616 1444 2689 cum
1462 2602 1898 2701 omnimoda-libertate
1913 2665 1929 2708 ,
1946 2608 2000 2690 ita
2025 2629 2071 2691 ut
2092 2608 2253 2691 rninora

577 2722 589 2742 ⁹
626 2797 631 2816 .
699 2727 912 2836 potuerint
933 2727 1149 2843 consequi,
1163 2726 1247 2825 inno
1272 2729 1314 2809 &
1337 2723 1470 2813 nullas
1493 2742 1543 2806 ut
1561 2718 1615 2807 stc
1635 2723 2142 2835 majoremconsequautur
2164 2726 2260 2837 gl0-·

655 2911 658 2915 Α
692 2845 824 2944 riam,
841 2846 919 2953 qud
932 2846 1114 2929 totaliter
1130 2844 1296 2942 satietur
1310 2863 1398 2926 tota
1412 2867 1551 2924 earum
1566 2840 1781 2949 capacitas.
1994 2829 2018 2912 ,⁹

732 3045 736 3054 ,
759 2962 955 3049 XXXVI.
988 2966 1080 3051 Huc
1095 2959 1257 3059 videtur
1271 2958 1503 3044 conducere
1523 2956 2027 3053 doclrina'Emineutiffimi
2046 2959 2256 3051 Ssrondati

701 3080 742 3161 in
763 3080 879 3163 Nudo
886 3082 1142 3187 praedestinat.
1158 3110 1200 3190 p.
1222 3079 1312 3187 1.§.
1337 3106 1426 3171 1.11.
1454 3104 1517 3179 19.
1531 3077 1633 3161 vers.
1651 3100 1686 3184 3.
1714 3078 1844 3162 Tertid
1861 3080 2043 3191 deniqud',
2066 3106 2162 3191 pag.
2176 3104 2258 3188 ·93.

699 3198 770 3289 ubi
779 3198 957 3295 scribit:
977 3228 1005 3266 ιε
1015 3197 1308 3327 Respondetur
1329 3254 1342 3295 ,
1365 3193 1517 3279 Deum
1536 3192 1587 3277 ad
1605 3176 1889 3283 diverfiffimos
1909 3196 2056 3310 gradus
2081 3197 2254 3309 gloria,

700 3355 727 3395 η
754 3320 794 3398 dr
815 3342 890 3423 per
910 3312 1171 3405 diversissima
1194 3340 1356 3425 quoque
1385 3310 1546 3409 media,
1567 3311 1680 3415 juxta
1701 3308 1875 3399 infinitae
1892 3314 2162 3424 providentiae
2175 3317 2253 3397 suaa

566 3498 574 3515 .
701 3472 727 3511 n
753 3432 1056 3539 sapientiffirnas
1077 3432 1234 3543 regulas
1262 3430 1449 3517 homines
1469 3426 1702 3537 destinasses
1732 3437 1811 3517 nec'
1832 3432 1944 3516 enim
1967 3434 2101 3517 minor
2122 3432 2162 3514 in
2183 3460 2252 3516 or-

700 3588 728 3629 „
754 3548 848 3635 dine
875 3550 1195 3659 supernaturali,
1231 3550 1352 3657 qulm
1384 3546 1582 3645 naturali,
1605 3548 1775 3657 uarietas
1799 3552 1867 3635 est.
1893 3550 2010 3641 Inter
2041 3571 2106 3635 tot
2127 3550 2253 3635 stella-

564 3756 568 3761 „
700 3707 727 3752 υ
752 3694 866 3778 rum,
879 3694 1155 3779 gemmarum,
1175 3666 1359 3765 florum,
1378 3664 1634 3774 plantarum,
1656 3665 1901 3769 brutorum,
1918 3670 2158 3771 volucrum,
2176 3670 2254 3755 ho·

557 3826 591 3893 .'.
699 3826 728 3866 o
754 3784 991 3894 miuumque
1019 3786 1149 3872 millia
1168 3783 1325 3871 nullum
1343 3782 1460 3867 altari
1482 3777 1634 3875 finales
1655 3785 1730 3867 alia
1756 3785 1912 3897 species
1934 3846 1948 3888 ,
1985 3789 2084 3892 alins
2103 3787 2254 3887 color,

701 3942 728 3984 ’a
753 3903 828 3986 alia
843 3898 1104 4017 figurantia
1122 3901 1383 4001 domnola
1404 3888 1628 3999 facies,alii
1648 3930 1811 3989 mores.
1836 3966 1847 3986 .
1871 3967 1883 3987 .
1908 3965 1918 3985 .
1944 3901 2047 4009 ficut
2068 3932 2169 4019 ergo
2190 3906 2262 3989 iri-²
2396 3928 2399 3933 ’

701 4062 728 4103 ‚2
739 4016 868 4107 mita
880 4022 967 4105 Dei
980 4020 1175 4132 persedio
1194 4020 1337 4120 ,causa
1355 4022 1412 4105 est
1428 4018 1631 4103 varietatis
1650 4020 1830 4107 inbonis
1858 4044 2012 4109 naturae
2030 4072 2049 4129 ,p
2073 4024 2129 4108 ita
2149 4042 2256 4134 quo·

700 4178 727 4221 η
739 4166 831 4263 „que
850 4137 891 4221 in
905 4138 1024 4225 bonis
1036 4139 1201 4251 gratias
1222 4136 1373 4223 &ideo
1392 4137 1466 4223 alia
1477 4137 1606 4250 gratia
1619 4142 1675 4222 est
1685 4140 2065 4248 quac-daturl'etro,
2076 4143 2156 4227 alia
2165 4170 2254 4252 quaa

701 4295 730 4337 η
753 4255 905 4356 Paulo,
922 4257 998 4341 alia
1011 4286 1099 4368 quae
1118 4254 1259 4358 Judao,
1283 4252 1338 4340 fic
1360 4276 1495 4341 tamen
1511 4257 1605 4354 alia,
1621 4278 1667 4341 ut
1680 4258 1939 4344 omnibusad
1953 4260 2260 4371 bend-operam·

701 4412 729 4453 n
754 4371 852 4457 dum
870 4368 1325 4475 accomodatissimasrt,
1336 4376 1541 4460 nonsecus
1554 4402 1600 4457 ac
1616 4373 1658 4457 in
1673 4404 1826 4489 magno
1843 4378 2054 4481 exercitu,
2071 4384 2112 4464 δε
2136 4382 2158 4461 a
2175 4408 2270 4489 pe-¹

701 4530 731 4571 η
754 4490 937 4577 ritiss'uno
965 4495 1087 4578 Duce
1115 4553 1129 4593 ,
1156 4522 1248 4577 non.
1269 4492 1458 4577 omnibus
1480 4490 1626 4576 eadem
1655 4522 1765 4577 arma
1783 4496 2053 4597 tribuuntur,
2078 4494 2148 4580 sed
2168 4496 2257 4581 aliis

702 4648 740 4703 n,
751 4608 908 4720 gladius
931 4613 1062 4711 ,aliia
1087 4613 1263 4711 lancea,
1303 4610 1388 4695 aliis
1433 4612 1540 4711 tela,
1576 4610 1662 4695 aliis
1691 4611 1835 4705 fatear
1874 4615 2011 4699 omnia
2044 4634 2181 4699 tamen
2201 4613 2260 4699 ad·
2407 4630 2413 4643 ’

523 4726 527 4741 ”
592 4824 595 4829 ,
702 4765 729 4806 η
754 4726 1017 4838 pugnandum
1040 4727 1341 4815 &vincendum
1363 4728 1589 4839 aptilluna:
1614 4730 1836 4843 quodergo
1857 4732 2052 4817 militibus
2066 4734 2158 4817 sunt
2179 4732 2254 4818 alia

702 4884 729 4926 n
753 4872 865 4928 arma
885 4846 995 4947 ,hoc
1018 4848 1109 4931 sunt
1127 4847 1364 4933 Christianis
1382 4848 1472 4931 alim
1486 4848 1637 4961 gratiae.
1656 4888 1700 4939 n·
1714 4850 1782 4935 Sic
1803 4850 1922 4958 plana
1938 4878 1990 4933 cx
2009 4850 2254 4935 ordinatilll·

702 4990 770 5047 ma
783 4961 848 5045 sua
866 4962 1150 5072 providentia,
1183 4968 1263 5075 qul
1278 4964 1583 5075 praedestinatos
1602 4964 1769 5051 deducit
1790 4967 1974 5054 Deusud
1985 4970 2186 5081 gloriam,
2210 4972 2259 5053 &¹

703 5078 1020 5167 determinatum
1038 5083 1122 5189 ejus
1135 5083 1307 5197 gradum
1329 5142 1343 5183 ,
1363 5082 1411 5165 in
1436 5110 1516 5193 quo
1530 5080 1650 5191 plene
1670 5087 1713 5166 dt
1727 5084 1904 5193 perfodis
1928 5086 2094 5174 satietur
2106 5114 2253 5172 eorum

703 5200 902 5305 capacitas
918 5200 1192 5310 consequendi
1206 5201 1383 5299 Deum,
1419 5199 1619 5295 distribuit
1640 5203 1830 5287 omnibus
1853 5205 2143 5293 couvenientes
2156 5228 2258 5317 grad

475 5332 480 5343 ·
579 5325 619 5404 “,
704 5311 807 5413 tias,
830 5317 974 5424 quibus
988 5319 1135 5405 merita
1152 5338 1424 5433 comparent,
1449 5322 1490 5403 δι
1507 5313 1561 5423 stc
1579 5316 1693 5422 juxta
1712 5320 1858 5421 merita
1878 5315 2158 5433 praerr‘ridrtur.
