5150 6667
749 666 805 779 qs
892 655 1234 751 vrunrc.
1294 649 1533 741 surr.
1586 646 1745 737 Τιιι.
1775 636 1883 730 111.
1913 590 2137 757 oman.

757 896 2274 1003 esp-Murmur

988 1084 2050 1245 urssrarnrrom

744 1350 815 1439 De
834 1345 1188 1464 Propositionibus
1213 1315 1432 1457 7i8,9&
1458 1338 1699 1445 10,notatis
1722 1338 1764 1422 in
1778 1336 1929 1447 Quaest.
1956 1338 2008 1420 16
2021 1394 2035 1441 ,
2064 1334 2287 1449 17&18‚

1182 1485 1366 1592 ejusdem
1386 1483 1505 1571 Libri
1522 1478 1837 1569 Sententiarum.

1451 1718 1491 1830 s.
1550 1719 1585 1802 1.

744 1883 935 2028 lrnrneritd
960 1939 1178 2025 attribuitur
1199 1939 1312 2023 Lullo
1340 1942 1381 2023 in
1408 1938 1523 2046 Prop.
1554 1965 1593 2047 7.
1625 1963 1676 2018 ex
1700 1962 1762 2043 qu.
1794 1936 1858 2015 16.
1886 1931 1988 2043 quid
2005 1958 2083 2014 non
2118 1924 2286 2045 agnoftit
2332 1924 2337 1929 ’

1260 2107 1423 2163 amorem
1445 2077 1523 2161 Dei
1542 2073 1766 2160 naturalem.

740 2316 778 2398 Ιι
898 2313 945 2399 D
976 2314 1222 2423 septimam,
1250 2340 1371 2426 quam
1390 2333 1506 2397 norat
1522 2308 1704 2395 laudatus
1724 2306 1912 2408 Censor,
1930 2296 2287 2417 propofitionem,

899 2428 956 2515 fic
984 2452 1146 2516 textum
1166 2431 1335 2517 adducit
1362 2464 1373 2513 ε
1402 2434 1447 2515 N
1447 2429 1508 2540 ιβ
1525 2434 1691 2514 humana
1720 2426 1909 2521 voluntas,
1930 2426 2083 2509 liaberet
2115 2426 2286 2507 lrahiturn

740 2549 966 2649 charitatis,
991 2580 1067 2636 non
1090 2552 1244 2633 liaberet
1276 2543 1502 2634 naturaliter
1528 2547 1734 2631 libertatern
1765 2546 1820 2629 ad
1838 2543 2069 2653 diligendum
2098 2539 2285 2650 firminum

708 2667 959 2750 ...charitatem
983 2724 997 2765 ‚
1019 2669 1094 2751 irrui
1114 2666 1202 2783 effer
1216 2697 1319 2775 pura
1335 2664 1456 2779 paffio
1474 2689 1575 2749 mota
1590 2724 1603 2765 ,
1615 2665 1716 2774 ficut
1729 2662 2034 2769 instrumentum,
2054 2658 2285 2767 addiligen·

738 2784 826 2866 dum
851 2785 1262 2890 Spiritumsanc'lum,
1278 2782 1401 2869 &hoc
1410 2783 1633 2894 firnpliciter
1644 2780 1730 2891 fine
1744 2782 1885 2862 rnerito.
1913 2779 1994 2889 Qu.
2017 2784 2080 2861 16.
2098 2776 2286 2869 Sentent.

799 2898 984 2985 Censura
1005 2931 1015 2982 t
1036 2904 1131 2986 Non
1154 2903 1303 2986 videtur
1323 2904 1363 2985 in
1381 2897 1708 3009 nohis'agnoscere
1726 2897 1844 2979 ullum
1858 2890 2020 2979 amorhn
2033 2896 2110 2979 Dei
2126 2920 2289 3004 natura-

735 3013 839 3117 lem,
859 3019 986 3130 qualis
998 3020 1119 3129 potest
1136 3018 1207 3135 effe
1229 3020 1269 3102 in
1292 3045 1489 3129 peccatore
1514 3020 1669 3117 attrito,
1685 3012 1759 3125 sed
1776 3013 1903 3123 fhlltm
1934 3042 2079 3134 omnent
2106 3041 2158 3097 tx
2191 3017 2287 3095 clza-

737 3158 862 3217 ritate.
1226 3159 1228 3165 ’
1762 3162 1768 3171 ·

796 3251 928 3336 turn
950 3254 1117 3363 hac-qu.
1148 3257 1212 3335 16.
1238 3248 1451 3339 occasione
1484 3251 1656 3359 Litterae
1685 3226 1897 3363 Migistri,
1933 3247 2078 3359 quaerit
2111 3246 2285 3331 Lullus:

737 3366 876 3449 Utrdrn
890 3373 1058 3455 charitas
1065 3370 1122 3481 stt
1137 3369 1287 3481 aliquid
1296 3395 1460 3452 creatum
1476 3370 1515 3449 in
1524 3370 1654 3451 anima
1669 3365 2063 3479 iQuemadmodum
2077 3363 2286 3474 inquirunt

736 3488 1016 3569 communiter
1036 3482 1323 3595 expofitores;
1353 3490 1394 3569 ἀ
1414 3485 1506 3594 quia
1523 3489 1714 3569 tradatur
1741 3486 1791 3571 de
1819 3486 2052 3586 charitate,
2076 3487 2117 3566 de
2144 3508 2283 3567 amore

736 3598 1058 3717 supernaturali,
1080 3603 1321 3713 regulariter
1334 3632 1418 3716 non
1437 3598 1486 3687 fit
1499 3602 1654 3689 mentio
1670 3603 1721 3689 de
1740 3632 1880 3689 amore
1899 3601 2096 3701 naturali,
2116 3598 2183 3683 sed
2196 3619 2288 3717 tan-

737 3716 828 3800 tum
841 3718 1133 3827 supernaturali
1147 3751 1158 3800 ε
1172 3718 1281 3805 unde
1305 3718 1576 3807 conformiter
1592 3719 1644 3805 ad
1662 3723 1924 3833 questionem
1941 3720 2085 3807 Lullus
2102 3718 2157 3803 ibi
2171 3747 2287 3802 num.

745 3860 781 3918 r.
805 3831 860 3921 fic
880 3835 1067 3923 discurrit
1081 3869 1091 3919 ε
1105 3879 1131 3919 ιι
1150 3836 1262 3922 cam
1276 3838 1412 3923 divina
1426 3838 1597 3926 charitas
1614 3836 1664 3923 fit
1677 3840 1857 3925 amabilis
1872 3868 1969 3925 cum
1983 3834 2285 3951 magnitudine,

738 3994 766 4035 ιι
792 3955 945 4039 creavit
963 3957 1004 4042 in
1022 3956 1189 4040 homine
1212 3984 1401 4071 magnam
1421 3956 1674 4043 voluntatem
1693 4017 1707 4060 ,
1725 3978 1773 4043 ut
1785 3958 2159 4069 haberetmagnam
2178 3983 2286 4038 arna-

738 4098 767 4153 ιι
791 4073 993 4158 tivitatem
1019 4074 1071 4157 ad
1091 4072 1345 4186 diligendum
1375 4076 1605 4185 supremam
1636 4076 1912 4177 charitatem,
1940 4078 1984 4159 &
2010 4070 2064 4158 fic
2096 4073 2284 4183 suprema

739 4226 767 4269 ιι
791 4191 964 4275 charitas
982 4192 1136 4285 creavit
1154 4196 1196 4276 ὅ(
1209 4192 1345 4302 posuit
1358 4192 1397 4277 in
1417 4194 1591 4277 humana
1610 4194 1819 4280 voluntate
1842 4195 1882 4279 in
1901 4182 2086 4305 potentia
2100 4190 2284 4274 habitum

739 4344 768 4387 ιι
792 4307 997 4391 charitatis
1015 4368 1030 4411 ,
1051 4328 1098 4393 ut
1115 4368 1131 4409 ,
1148 4308 1217 4393 illo
1237 4310 1377 4394 habitu
1400 4308 1574 4394 dedutro
1597 4308 1647 4397 de
1670 4311 1855 4421 potentia
1883 4312 1924 4395 in
1947 4300 2086 4394 aarum·
2099 4336 2175 4419 per
2204 4337 2284 4392 vo-

738 4462 768 4504 ιι
792 4423 990 4510 luntatem
1023 4431 1064 4510 ὅ(
1087 4427 1284 4511 summam
1307 4428 1573 4530 charitatem,
1597 4430 1750 4513 summa
1773 4430 1944 4515 charitas
1979 4412 2080 4513 esset
2107 4426 2283 4510 multum

633 4584 637 4596 ·
740 4578 767 4621 ιι
793 4539 936 4627 dileua
953 4546 1002 4627 ab
1020 4544 1193 4629 humana
1210 4546 1447 4647 voluntate,
1466 4548 1559 4635 altas
1582 4542 1924 4648 summacharitas
1938 4574 2022 4631 nou
2035 4542 2284 4631 satisfaceret

740 4696 768 4739 ιι
792 4660 871 4743 suae
893 4689 1050 4772 magnae
1071 4662 1307 4773 amabilitati
1328 4658 1757 4755 decreatauoluntate
1776 4668 1923 4777 spuis,
1945 4662 2018 4775 ιιὶβ
2028 4666 2199 4745 humana
2212 4694 2284 4745 uo·

740 4814 768 4858 ιι
791 4776 921 4861 luntas
935 4781 1088 4862 haberet
1107 4783 1274 4864 huhintm
1296 4784 1494 4867 charitatis
1516 4841 1531 4883 ‚
1552 4812 1628 4868 non
1647 4778 1802 4867 ‘haberet
1829 4781 2052 4866 naturaliter
2072 4780 2280 4863 libertatern

671 4986 683 4997 ,
739 4934 769 4975 ιι
791 4894 849 4976 ad
865 4894 1094 5003 diligendum
1106 4895 1293 5006 fitmmarn
1316 4901 1565 4998 charitatem,
1593 4902 1667 4985 inid
1689 4902 1776 5015 effer
1784 4925 1883 5010 pura
1899 4896 2020 5008 pcffo
2038 4923 2137 4980 tuoto
2152 4956 2166 4995 ‚
2179 4896 2283 5008 ficut

740 5050 767 5091 ιι
791 5009 1106 5117 instrumentum,
1136 5014 1194 5095 ad
1209 5017 1414 5098 ornandum
1446 5018 1628 5101 Sandurn
1654 5018 1867 5126 Spiritum,
1897 5014 1939 5102 ἃ
1972 5019 2042 5101 hoc
2057 5014 2285 5125 fimpliciter

738 5167 766 5208 ιι
779 5128 867 5237 fine
886 5131 1015 5213 merito
1032 5162 1051 5235 ;
1073 5126 1175 5216 ficut
1196 5133 1429 5233 martellus,
1449 5132 1516 5244 qui
1531 5136 1588 5218 est
1605 5136 1914 5219 instrumentum
1929 5129 2168 5241 simpliciter
2186 5160 2283 5214 mo-

737 5282 767 5324 ιι
790 5267 880 5333 tum
900 5245 952 5332 ad
964 5246 1280 5357 percutiendum
1297 5250 1456 5337 clauus
1478 5282 1490 5346 3
1514 5256 1557 5337 δι
1571 5248 1630 5340 fic
1644 5253 1810 5337 Sanctus
1829 5250 2005 5363 Spiritus
2021 5246 2280 5336 effetcoutra
