5150 6667
545 700 1601 826 -'DISSERT..V111.§.11.
1699 689 1703 694 ⁴
1801 747 1881 831 ¹77

337 887 435 948 uem
457 855 507 946 fit
522 859 653 972 ipsum
677 860 830 945 Christi
852 883 1001 968 corpus
1020 915 1034 958 ,
1054 856 1165 967 quod
1186 855 1247 941 est
1266 882 1394 939 unum
1414 853 1693 959 individuum,
1713 881 1883 972 propte·

338 983 406 1064 rei
428 1008 512 1065 non
532 978 669 1090 potest
690 974 808 1062 fimul
832 976 1119 1076 transmutari,
1153 979 1194 1060 de
1223 971 1465 1058 individuari
1485 975 1527 1056 in
1557 975 1675 1083 plura
1695 1003 1881 1087 corpora.

338 1099 451 1183 Nota
475 1127 518 1198 4.
539 1098 708 1182 Lullum
730 1116 870 1180 tenore
898 1091 1107 1178 clarissime
1133 1098 1176 1177 &
1196 1119 1250 1196 err
1269 1089 1447 1200 professo
1473 1091 1697 1176 doctrinam
1715 1093 1882 1204 oppofi-

337 1235 421 1299 tam
444 1215 529 1316 illi,
550 1243 638 1326 que
660 1213 797 1299 eidem
810 1212 1003 1296 tribuitur
1021 1213 1063 1295 in
1076 1207 1243 1322 praefata
1265 1209 1472 1302 Censura;
1496 1207 1748 1296 docet-enim
1765 1239 1885 1323 aper-

337 1334 511 1434 simma,
534 1361 683 1444 panem
704 1331 895 1430 totaliter,
914 1331 993 1416 hoc
1017 1328 1300 1440 estformaliter
1313 1326 1610 1414 &materialiter
1630 1332 1886 1417 transmutari

336 1453 377 1536 in
405 1479 553 1561 corpus
579 1449 760 1548 Christi,
784 1449 839 1532 ita
861 1467 907 1532 ut
927 1475 1005 1533 tote
1039 1447 1190 1560 effemio
1215 1444 1437 1557 fitbsmntioe
1451 1449 1572 1555 panis
1598 1449 1887 1535 transmutetur
1980 1546 1986 1557 ‚

337 1569 379 1652 in
401 1569 533 1678 ipsum
551 1563 702 1678 'corpus
719 1565 874 1651 Christi
892 1597 902 1646 s
921 1563 1150 1678 perpendat
1163 1591 1262 1675 ergo
1285 1561 1463 1649 sincerus
1477 1566 1655 1666 Ledor,
1677 1567 1887 1677 quomodo

330 1686 456 1798 pollit
479 1687 659 1787 sentire,
691 1682 949 1768 substantiam
971 1681 1086 1794 panis
1114 1680 1338 1765 secunddm
1365 1684 1482 1766 suum
1504 1680 1585 1768 effe
1608 1711 1818 1771 remanere
1846 1687 1888 1772 in

336 1805 601 1914 Eucharistia.
630 1805 782 1888 Nonne
806 1803 972 1912 aequitas
1003 1799 1179 1910 postulat
1206 1860 1221 1899 ,
1250 1819 1297 1882 ut
1318 1827 1585 1911 quaecumque
1610 1801 1718 1888 dicat
1739 1804 1890 1890 subdu-

336 1923 442 2022 bia,
473 1921 742 2007 conformiter
768 1918 820 2004 ad
847 1920 1090 2005 sententiam
1105 1915 1211 2001 adeo
1227 1918 1379 2002 claram
1396 1919 1703 2032 intelligantur?
1771 1984 1775 1990 .
1903 1976 1908 1989 ι

399 2041 569 2127 XXXV.
586 2033 669 2148 Pro
692 2039 937 2123 resolutione
955 2032 1150 2147 expositae
1173 2037 1403 2144 quaestionis
1418 2037 1553 2147 quoad
1570 2039 1786 2124 secundam
1798 2068 1890 2151 par-
1976 2043 1981 2052 ’

341 2174 457 2259 term,
477 2157 669 2244 videlicet
685 2155 797 2268 quod
825 2154 970 2241 eadem
994 2152 1207 2238 substantia
1224 2153 1345 2261 ‘panis
1371 2149 1583 2239 succeffive
1608 2163 1649 2248 dr
1669 2157 1710 2240 in
1730 2158 1890 2244 diverso

336 2274 497 2360 instanti
511 2277 648 2390 potest
670 2275 927 2358 transmutari
942 2261 984 2357 in
998 2273 1114 2383 plura
1135 2268 1410 2381 corpora,s1c
1432 2300 1543 2372 num.
1561 2300 1609 2356 ·z.
1630 2277 1766 2365 scribit
1783 2277 1888 2362 Lul-
2067 2377 2075 2393 .

336 2392 422 2476 lus=
446 2395 716 2478 Verumtamen
733 2391 940 2503 'secunddm
963 2391 1076 2474 eliud
1094 2391 1269 2474 eveniens
1283 2391 1427 2495 instans
1448 2393 1575 2474 eadem
1583 2391 1794 2502 fisbstantie
1810 2426 1903 2504 pa-.
1916 2371 2068 2531 pffgpssffi·

297 2562 301 2572 ·
331 2514 394 2594 nis
415 2513 501 2622 post
520 2509 866 2622 transmutationem
885 2509 1042 2622 fac‘iam
1066 2511 1105 2590 in
1127 2537 1263 2616 corpus
1277 2507 1415 2611 Cdrilli
1433 2511 1577 2618 ,potest
1588 2511 1829 2622 transmutari
1840 2517 1888 2599 in

335 2629 447 2713 aliud
465 2659 631 2738 corpus,
655 2627 801 2739 scilieet
823 2632 863 2711 in
890 2633 1027 2736 eorpus
1041 2629 1194 2739 panis,
1224 2622 1266 2709 dr
1286 2651 1504 2733 recuperare
1527 2629 1654 2737 prima
1675 2634 1904 2718 occidentie‘

330 2751 479 2853 panis,
509 2777 591 2858 qum
612 2745 843 2858 dimifitfine
857 2745 1063 2856 fisbjeeio,
1071 2743 1174 2856 fierit
1182 2741 1395 2856 fisleantia
1413 2749 1562 2857 argenti
1572 2745 1589 2844 ',
1605 2777 1689 2857 quet
1708 2751 1905 2856 existebas,

318 2853 403 2972 ¹fieb
415 2865 549 2972 figura
562 2863 700 2976 scyphi
713 2913 733 2965 ι,
756 2861 797 2947 ἃ
808 2865 893 2976 fuit
912 2863 1073 2946 didesia
1096 2865 1135 2945 in
1148 2861 1319 2971 figurem
1339 2861 1477 2974 eifforii
1489 2921 1503 2961 ,
1525 2891 1607 2973 quse
1622 2863 1744 2974 potest
1760 2868 1887 2972 reduci
1894 2901 1904 2918 f

328 2979 401 3090 fieb
418 2983 591 3090 figuram
609 2981 775 3094 seypbi,
808 2981 1027 3064 dimittendo
1044 2980 1216 3090 figuram
1238 2977 1410 3092 eiffirrii,·
1431 3007 1507 3060 non
1529 3003 1652 3063 temen
1667 2980 1740 3090 sub
1752 2983 1901 3092 figura·

330 3099 449 3206 primi
464 3097 603 3210 scyphi
622 3158 635 3197 ,
646 3097 725 3216 sed
735 3097 806 3210 fieb
819 3099 953 3208 figura
980 3097 1071 3180 novi
1085 3096 1256 3209 scyphi:
1280 3092 1321 3178 (a
1342 3095 1424 3177 ideo
1442 3098 1570 3179 eadem
1586 3096 1796 3208 fitlrstentia
1809 3131 1898 3211 pa-.

337 3217 401 3318 n&
418 3214 539 3324 potest
564 3205 747 3298 dimittere
769 3237 939 3324 ponem,
963 3212 1004 3300 δ’
1029 3211 1270 3324 transmutari
1296 3214 1503 3295 inermem
1519 3213 1656 3325 Cbristi
1674 3247 1685 3306 ς
1706 3214 1885 3302 &dimit-

339 3355 412 3416 tere
433 3331 584 3414 carnem
604 3331 775 3442 Christi,
807 3327 848 3415 δ’
869 3325 1026 3441 recipere
1035 3331 1197 3444 speeiem
1215 3330 1334 3438 panis
1348 3361 1374 3429 .;
1393 3359 1470 3413 non
1489 3357 1613 3415 tamen
1629 3336 1792 3440 primum
1808 3366 1885 3445 pa-

334 3475 418 3531 nem
439 3508 452 3549 ‚
477 3445 554 3558 sed
573 3477 711 3558 panem
727 3441 932 3558 seeundum
957 3441 1185 3540 &novums
1206 3443 1251 3530 dr
1267 3449 1307 3528 in
1326 3444 1404 3555 ipfit
1426 3446 1479 3558 est
1496 3451 1642 3558 incepta
1659 3453 1715 3534 ad
1731 3482 1895 3564 corrup,

335 3567 469 3648 tionem
491 3569 610 3674 panis
634 3567 891 3667 neutraliter,
923 3557 1093 3652 tendente
1120 3562 1201 3676 ipsa
1212 3561 1426 3675 substantid
1442 3571 1561 3674 panis
1578 3569 1634 3649 ed
1650 3570 1769 3653 aliem
1791 3571 1895 3682 spe-s

335 3687 424 3764 ciem
443 3712 515 3791 per
543 3679 643 3766 stam
662 3677 956 3794 generationis,
984 3688 1023 3767 in
1046 3713 1158 3797 quem
1177 3681 1405 3765 no‘euraliter
1424 3683 1476 3790 est
1495 3684 1738 3795 transmutata
1767 3688 1787 3792 (
1810 3718 1889 3799 per.

333 3827 481 3883 novam
495 3801 648 3886 scilicet
661 3799 970 3914 generationem
989 3809 1009 3914 )
1018 3802 1120 3912 ficut
1140 3803 1179 3883 in
1194 3798 1355 3910 speeiem
1373 3803 1500 3884 carreis
1513 3803 1683 3886 Martini
1695 3805 1757 3888 vel
1773 3807 1884 3889 Guil-

334 3917 468 4017 lelmi,
491 3919 551 4002 vel
572 3921 712 4019 canis,
736 3916 776 4004 dr
787 3918 848 4028 fic
868 3919 914 4003 de
936 3920 1027 4002 aliis
1045 3917 1322 4002 comedentibus
1337 3947 1508 4024 pamma
1540 3915 1646 4003 &de
1667 3924 1738 4004 boe
1754 3922 1885 4035 poffis-

336 4065 418 4116 mus
440 4037 574 4118 babere
596 4039 862 4146 experientiam
882 4096 896 4136 ,
907 4035 1010 4147 ficut
1031 4038 1232 4120 Martinus
1245 4036 1347 4148 ,'·qai
1356 4035 1476 4151 paffet
1493 4039 1644 4138 vivere,
1667 4033 1708 4123 fe
1724 4041 1884 4150 pinguis

328 4151 416 4259 fieri
437 4153 483 4234 de
500 4153 676 4260 pluribus
696 4152 861 4262 bestiis,
885 4151 1112 4263 &panibus
1127 4150 1306 4264 flectatis.
1681 4190 1687 4197 ·
1881 4157 1884 4162 ’

360 4287 363 4296 ’
395 4268 588 4354 XXXVI.
613 4271 679 4354 Ex
704 4271 782 4354 hoc
809 4271 976 4374 Textu,
1001 4269 1068 4383 qui
1091 4270 1204 4357 idem·
1225 4269 1357 4382 quoad
1378 4273 1631 4359 substantiam
1649 4277 1705 4361 est
1724 4277 1765 4360 in
1783 4277 1886 4362 cita-

337 4381 388 4470 tis
417 4386 693 4487 editionibus,
716 4387 812 4474 licat
828 4392 919 4472 'non
942 4389 1102 4504 integre
1124 4388 1296 4473 adducto
1318 4419 1429 4476 num.
1460 4421 1523 4491 14.
1546 4396 1569 4476 a
1589 4393 1750 4479 laudato
1773 4395 1888 4482 Cen-

335 4504 422 4588 sore
442 4563 455 4603 ,
472 4503 596 4587 insert
618 4506 700 4616 ipse
725 4501 905 4590 notatam
928 4506 1252 4619 propositionem
1275 4539 1287 4599 ;
1311 4531 1383 4625 at,
1410 4537 1511 4620 pace
1530 4511 1632 4595 tanti
1651 4512 1759 4612 viri,
1787 4543 1889 4599 con-⁴

85 4637 86 4720 ξ
169 4725 176 4732 ⁴
335 4622 502 4704 trarium
526 4624 694 4708 omninb
727 4621 867 4708 inferri
890 4622 1014 4711 debet
1046 4659 1058 4719 ς
1095 4631 1137 4710 de
1166 4625 1327 4710 dimissa
1347 4656 1425 4738 pro
1449 4656 1556 4714 nunc
1578 4631 1886 4741 explicatione,

336 4737 507 4848 qualiter
530 4735 630 4847 fiant
649 4740 715 4824 vel
726 4735 818 4824 fieri
830 4741 982 4850 possint
1004 4745 1393 4845 transmutationes,
1415 4774 1513 4856 quas
1529 4749 1662 4833 innuit
1682 4750 1824 4836 Lullus
1841 4749 1887 4834 in
1994 4831 1999 4840 .

333 4855 412 4940 boc
440 4857 607 4958 Textu,
637 4857 851 4966 dequibus
875 4859 978 4946 infra
992 4893 1010 4964 ·,
1035 4863 1073 4976 §.
1101 4890 1143 4963 4.
1167 4863 1190 4944 a
1211 4892 1323 4946 num.
1345 4865 1410 4974 50'.
1428 4867 1489 4949 'est
1507 4866 1738 4980 agendumt
1766 4862 1886 4954 acad

335 4972 663 5084 propositionem
678 4975 799 5060 Lullo
815 4977 1030 5086 impastam
1044 5000 1217 5094 propter
1229 4982 1404 5066 relatum
1417 4985 1602 5071 Textum
1620 4985 1887 5070 uniceasten-

335 5089 502 5190 dentes,
522 5090 748 5176 notandum
764 5097 820 5178 est
834 5155 847 5194 ,
863 5117 908 5180 ut
930 5125 983 5182 ex
1005 5095 1186 5183 dicendis
1202 5097 1352 5210 liquide
1368 5104 1590 5203 constabit,
1605 5102 1760 5187 sensum
1774 5098 1887 5186 Lulli

335 5207 400 5293 bic
416 5207 533 5293 turice
549 5207 646 5311 effe,
662 5210 915 5296 substantiam
929 5213 1045 5322 panis
1060 5219 1194 5326 primb
1219 5221 1408 5305 converti
1424 5222 1467 5304 in
1485 5249 1634 5327 corpus
1649 5219 1827 5320 Christi,
1843 5223 1886 5306 dt

337 5325 447 5438 ¹quod
458 5327 764 5536 posteiilcpum
800 5357 1119 5449 corrumpuntur
1146 5336 1321 5450 species.
1336 5337 1642 5430 sacramentales
1655 5333 1750 5539 ,zfit
1783 5362 1889 5427 nova

497 5473 579 5532 ont.
702 5505 715 5536 .
1333 5522 1336 5527 .
