5150 6667
1491 462 1510 514 Χ

706 716 802 795 urso
892 670 1193 773 lemc‘:
1233 676 1463 804 LULL·
1511 662 1653 791 Tou.
1698 676 1794 765 ΙΙΙ.
1836 674 1997 765 D1sr.
2033 674 2125 767 1v.
2174 660 2178 665 ⁸

716 854 765 915 ur
787 827 957 915 munitm
980 813 1032 911 iit
1054 850 1197 939 magna
1220 852 1295 935 per
1317 819 1675 937 magnitudinem,
1706 825 1748 905 dc
1781 818 2022 934 magnitudo
2056 820 2168 905 bona
2198 850 2273 933 per

716 948 974 1049 bonitatem,
997 950 1039 1033 dc·
1073 940 1130 1030 ilc
1154 944 1204 1029 de
1241 942 1400 1027 cacteris
1428 972 1438 1023 ε
1470 947 1511 1025 &
1547 961 1767 1051 propterea
1799 939 1841 1024 in
1867 966 2109 1051 unaquaque
2138 968 2190 1024 ex
2212 941 2274 1028 his

713 1066 863 1168 creatis
886 1063 1199 1179 perfectionibus
1218 1063 1276 1146 est
1298 1061 1401 1146 ratio
1416 1060 1579 1159 ‚aoiva‚
1603 1060 1706 1144 ratio
1730 1059 1877 1170 pallrva
1899 1119 1913 1159 ,
1938 1064 1978 1143 dc
2003 1062 2111 1141 attus
2134 1058 2186 1143 de
2206 1062 2274 1146 suo

591 1272 594 1279 ,
712 1212 890 1299 genere:
921 1184 1030 1270 unde
1052 1184 1149 1267 cum
1171 1208 1315 1265 omnes
1337 1176 1582 1261 constituant
1604 1178 1812 1286 equaliter
1833 1177 2086 1261 substantiam
2100 1176 2271 1292 Angeli,

714 1331 770 1390 ex
787 1306 941 1389 ratione
964 1303 1090 1386 atliva
1107 1300 1284 1409 ipsuum
1307 1294 1492 1382 omnium
1514 1290 1562 1383 fit
1581 1322 1660 1379 una
1679 1297 1781 1381 ratio
1804 1298 1960 1399 adiva,
1985 1300 2027 1379 dr
2050 1324 2103 1383 ex
2118 1300 2269 1409 ratione

645 1455 654 1469 ·
708 1411 864 1534 pallida
885 1421 1071 1504 ornniunr
1094 1414 1142 1503 fit
1171 1416 1381 1500 unaratio-
1401 1412 1575 1525 palliva3
1601 1418 1643 1499 dc
1665 1442 1719 1498 ex
1749 1418 1838 1498 adiu
1861 1418 2076 1517 omnium,
2100 1412 2269 1505 fitunus

717 1546 853 1641 udus,
885 1540 954 1621 seu
971 1536 1188 1621 connexio.
1212 1534 1337 1618 Ratio
1366 1529 1491 1618 activa·
1514 1533 1660 1618 coalita
1681 1562 1733 1617 ex
1756 1536 1941 1619 omnium
1964 1534 2191 1618 rationibus
2210 1568 2273 1623 ac-

716 1659 812 1744 tivis
830 1716 845 1758 ,
865 1658 922 1747 est
939 1654 1097 1749 forma;
1121 1654 1224 1739 ratio
1247 1652 1395 1763 pafflva
1416 1651 1563 1768 coalita
1577 1681 1630 1738 ex
1642 1654 1828 1737 omnium
1850 1654 2073 1737 rationibus
2092 1652 2272 1764 pallius,

717 1779 776 1865 est
794 1774 991 1867 materia;
1034 1776 1076 1857 oc
1104 1777 1211 1860 astus
1234 1771 1405 1856 coalitus
1435 1798 1488 1854 ex
1513 1766 1703 1856 omnium
1722 1771 1871 1856 adibus
1900 1774 1956 1855 est
1979 1772 2184 1858 connexio
2206 1777 2273 1861 seu

718 1894 950 2002 conlundio
973 1922 1114 1986 earum
1132 1925 1144 1985 ;
1165 1898 1206 1976 ὅ(
1225 1892 1281 1976 ita
1300 1948 1313 1992 ,
1332 1887 1604 1976 mediantibus
1627 1891 1707 1975 istis
1730 1911 1936 2001 tamquam
1953 1890 2086 1975 formd
2111 1938 2126 1993 ,
2149 1916 2274 1980 mate-

718 2015 811 2115 rid',
835 2017 876 2097 dc
895 2012 1071 2114 truione,
1090 2006 1356 2120 componitur
1369 2008 1548 2121 Angelus
1563 2036 1615 2093 ex
1637 2010 1714 2094 suis
1736 2008 1952 2121 primitivis
1977 2009 2185 2125 principiis
2207 2016 2274 2099 seu

714 2122 1048 2243 similitudinibus
1067 2129 1295 2222 divinarum
1312 2126 1623 2237 peffedionum.
1882 2170 1885 2177 ·
1949 2124 1956 2180 ·'
2016 2166 2022 2173 ·
2076 2162 2078 2169 ·

778 2250 872 2335 XV.
895 2249 998 2334 Inde
1014 2250 1092 2350 est,
1117 2247 1231 2358 quod·
1241 2248 1426 2331 innoteto
1437 2266 1554 2330 textu
1574 2243 1749 2348 dicitur,
1775 2244 1885 2359 quod
1898 2244 2078 2361 Angelus
2100 2274 2153 2333 ex
2168 2248 2273 2333 dista

717 2366 866 2468 forma,
888 2367 1056 2452 materia
1071 2366 1409 2472 dc'conjunllione
1429 2363 1704 2472 estconstirurur
1712 2364 1962 2480 essentialiter,
1972 2364 2270 2474 firbflnntialirer

593 2545 596 2560 ·
711 2485 762 2573 ’δ’
774 2473 1027 2585 naturaliter,
1046 2475 1166 2595 quia,
1189 2482 1293 2569 ficut
1305 2481 1420 2566 diua
1435 2480 1728 2591 perfectiones,
1742 2484 1896 2596 scilicet
1914 2484 2099 2586 bonitas,
2116 2486 2268 2599 magni·

716 2603 849 2705 tudo,
874 2608 953 2687 dcc.
978 2603 1069 2686 sunt
1085 2601 1247 2715 Angelo
1270 2598 1528 2701 effentiales,
1557 2600 1861 2704 substantiales,
1891 2606 1931 2686 dc
1954 2602 2186 2707 naturales,
2218 2604 2272 2689 ita

604 2735 608 2742 ’
717 2724 826 2809 tales
841 2720 1062 2811 liutdidlae
1075 2722 1279 2811 rationem
1295 2749 1340 2806 ac
1364 2716 1538 2830 proinde
1561 2750 1616 2805 ex
1638 2718 1733 2831 ipiis
1747 2724 1803 2807 est
1826 2720 2066 2806 constitutus
2089 2721 2271 2836 Angelus

641 2856 645 2862 “
719 2840 1001 2940 effentluliter,
1016 2840 1322 2925 substantialiter
1339 2842 1380 2923 o<
1395 2837 1643 2925 naturaliter.
1668 2840 1816 2941 Ratio,
1837 2868 1926 2949 quae
1940 2838 2085 2927 adhoc
2101 2840 2270 2957 alllgna-

717 2983 820 3063 tur,
843 2965 1018 3069 nempe:
1040 2959 1229 3072 Alioquin
1247 2986 1323 3041 non
1346 2959 1499 3042 haberet
1520 2986 1570 3040 cx
1583 2987 1656 3069 quo
1678 2958 1786 3075 effer,
1806 2961 1862 3044 est
1888 2980 2056 3069 patens,
2081 2964 2171 3070 quia
2186 2960 2270 3045 An·

719 3082 866 3195 gelus«,
890 3080 985 3165 cum
1007 3075 1057 3163 fit
1077 3077 1289 3164 substantia
1310 3080 1471 3176 creata,
1497 3078 1556 3161 est
1576 3100 1651 3185 per
1673 3074 2017 3189 compulitionem
2044 3107 2097 3164 ex
2119 3079 2189 3165 illo
2217 3106 2268 3166 ex

719 3228 807 3313 quo
830 3200 909 3289 eilr
932 3202 979 3282 dt·
993 3193 1068 3283 ntfi
1088 3194 1217 3282 essent
1240 3197 1283 3279 itt
1306 3195 1392 3305 ipso
1417 3194 1520 3279 diua
1540 3192 1706 3297 forma,
1731 3196 1922 3305 materia,
1943 3202 1986 3281 &
2010 3198 2268 3306 conjundio,

572 3346 576 3351 ·
687 3396 690 3401 .
717 3343 810 3402 non.
830 3316 1000 3402 liaberet
1020 3344 1073 3401 ex
1094 3342 1177 3427 quo
1194 3309 1295 3400 effet
1316 3310 1580 3425 compositus.
1600 3312 1704 3399 ,Alia
1722 3316 1826 3401 ratio
1841 3316 2026 3401 additur:
2048 3320 2183 3431 Neque
2196 3314 2276 3429 fito·

592 3459 594 3464 ·
716 3436 913 3543 principia·
924 3423 1071 3547 poffen't
1091 3439 1131 3518 in
1150 3433 1220 3548 effe
1242 3433 1391 3541 Angelr'
1411 3436 1568 3547 quierem
1597 3434 1732 3517 dobere
1749 3468 1768 3538 ;
1798 3436 1890 3545 quia
1912 3433 2016 3519 dieta
2034 3434 2234 3547 principia
2255 3495 2267 3535 ,

722 3570 769 3636 ut
798 3549 839 3633 iu
874 3544 1034 3658 Ang'elo
1058 3553 1238 3661 qutietem
1255 3553 1461 3653 habeant,
1490 3550 1643 3637 debent
1666 3556 1808 3637 mutuo
1840 3554 1880 3641 se
1906 3552 2069 3638 afficere
2092 3558 2134 3639 dc
2155 3584 2270 3640 com·

721 3666 847 3781 poni,
870 3685 916 3751 ut
930 3666 970 3750 in
985 3666 1072 3775 ipso
1088 3664 1322 3779 quiescant5
1348 3666 1428 3751 hoc
1448 3688 1586 3761 utitem
1611 3698 1694 3753 non
1713 3668 1835 3772 ell'et,
1855 3668 1930 3757 nifi
1944 3670 2149 3759 mediante
2169 3672 2271 3755 diua

722 3787 880 3873 ratione
900 3785 1052 3889 alliud,
1069 3782 1240 3895 passivd,
1256 3786 1536 3883 &connexius
1553 3786 1592 3870 se
1600 3790 1745 3871 mutui>
1764 3788 1989 3887 afficerent,
2014 3790 2268 3899 &Angelum

720 3920 1051 4017 componerent:
1066 3902 1353 4010 Ta'ndem'subj
1360 3903 1524 4019 ungitur
1537 3905 1611 3988 alia
1624 3908 1733 3991 ratio'
1740 3936 1752 3986 ¹:
1775 3910 1909 4019 Neque
1922 3902 1998 4016 ipsc
2006 3902 2185 4015 Angelus
2198 3936 2267 4015 per

714 4024 760 4138 se
768 4022 887 4137 poffer
897 4024 1052 4130 existere
1075 4021 1278 4135 frugem
1300 4022 1378 4107 hoc
1395 4008 1531 4108 autem
1546 4025 1624 4124 est,
1640 4025 1757 4135 quia,
1781 4020 1854 4109 nifi
1868 4025 1910 4109 in
1921 4025 1960 4107 se
1980 4023 2126 4107 habeat
2139 4018 2272 4111 totam.

722 4140 927 4227 rationem
938 4135 1092 4226 essendi
1109 4201 1122 4243 ,
1141 4162 1230 4251 quae
1240 4140 1554 4250 comprehendit
1563 4134 1764 4229 rationem
1779 4142 1974 4243 adivam,
1998 4142 2214 4253 paffivam,
2229 4148 2270 4229 dc

646 4336 650 4341 .
722 4255 992 4346 connexivam
1010 4318 1024 4360 ,
1044 4260 1181 4369 perse
1205 4288 1287 4344 non
1302 4260 1515 4363 existeret,
1538 4287 1669 4372 neque
1697 4259 1831 4374 pollet
1854 4286 1931 4373 per
1951 4258 1991 4347 se
2010 4288 2129 4375 agere
2153 4281 2271 4346 natu-

706 4376 860 4484 raliter
880 4434 894 4479 ,
911 4376 1003 4491 quia
1024 4405 1107 4465 non
1125 4378 1294 4466 haberet
1315 4378 1517 4466 rationem
1540 4379 1729 4474 adivam
1753 4386 1796 4467 dc
1817 4377 1950 4466 finon
1972 4378 2144 4467 haberet
2160 4379 2201 4463 in
2229 4379 2268 4464 se

716 4495 924 4583 rationem
949 4496 1168 4605 paffivam,
1203 4526 1286 4584 non
1314 4498 1482 4587 haberet
1500 4499 1541 4585 in
1564 4498 1603 4585 se
1622 4499 1773 4614 aliquid
1796 4502 1836 4585 in
1874 4526 1955 4612 quo
1978 4520 2118 4613 ageret
2140 4558 2153 4598 ‚
2179 4498 2270 4607 quia

722 4615 803 4701 hoc
820 4612 1045 4818 papiceffarid
1064 4615 1287 4729 debet-elle
1302 4616 1406 4703 ratio
1428 4601 1621 4729 paffivat·
1639 4648 1684 4706 ac
1702 4618 1877 4733 proinde
1900 4646 1985 4705 non
1998 4613 2132 4730 poffet
2147 4642 2268 4731 agere

720 4753 818 4821 natu
893 4750 968 4822 ter.
1163 4772 1181 4797 ··
1233 4788 1238 4793 ⁴
1973 4773 1982 4785 ·
2022 4768 2026 4777 ⁴

568 4948 573 4957 ,
781 4851 897 4940 xvi.
929 4850 1115 4941 Fortasse
1137 4836 1204 4941 hie'
1232 4872 1371 4942 textus
1391 4874 1558 4943 notatur
1581 4878 1756 4970 propter
1773 4856 1891 4957 hot,
1920 4854 2011 4967 quia
2043 4852 2302 4968 quaesitost,

720 4968 834 5082 Quid
849 4972 988 5060 lateat
1004 4970 1183 5085 Angelus
1210 4974 1250 5058 in
1265 4972 1309 5086 fe
1321 4973 1401 5087 fibi
1420 4975 1653 5092 coiffinriule
1671 5036 1685 5078 ,
1696 4972 1945 5088 substantiale
1965 4968 2040 5074 ,ἃ
2059 4972 2274 5057 neutrale!

721 5088 821 5177 Huc
840 5109 978 5177 autem
1004 5089 1167 5200 questio
1185 5092 1244 5178 est
1254 5090 1566 5206 proportionatd
1584 5090 1729 5181 eadem
1745 5100 1841 5179 cum
1859 5089 2118 5180 antecedenti
2133 5090 2174 5174 in
2192 5116 2271 5199 qua

721 5208 941 5318 quaritur:
970 5208 1081 5321 Quid
1105 5208 1244 5295 lubeat
1261 5212 1370 5297 Deus
1392 5214 1432 5297 r'n
1447 5209 1491 5322 se
1512 5210 1744 5327 coeffenriale
1760 5272 1773 5316 ,
1788 5208 2068 5327 firbstann‘ale,
2093 5205 2270 5295 &nam-

584 5330 599 5343 ”
713 5323 839 5426 ,ισίιῖ
852 5324 915 5413 Ac
933 5323 1111 5441 proinde
1132 5325 1336 5441 utriusque
1350 5328 1496 5415 solutio
1519 5325 1747 5417 debet'elle
1774 5328 1919 5417 eadem
1936 5323 2271 5445 proportionate:
