5150 6667
752 577 838 742 ⁴356
918 620 1216 716 vrnorc.
1262 616 1476 705 tunt.
1523 612 1665 705 ron.
1698 616 1795 704 111.
1835 616 1994 705 orsi.
2033 612 2123 704 tv.

747 811 774 853 n
801 770 924 870 licet,
952 766 1064 879 qubd
1085 762 1236 875 aliquid
1256 757 1498 873 quandoque
1522 756 1572 845 fit
1595 759 1779 845 futurum
1801 758 2023 845 secundbm
2051 756 2208 843 causam
2236 713 2302 843 sri-

604 904 621 945 -'
748 932 776 972 n
801 889 1035 999 periorem,
1055 887 1121 969 vel
1140 884 1162 967 ὲ
1182 882 1395 968 conversb.
1412 879 1491 967 *Sic
1515 909 1614 994 ergo
1632 880 1853 966 dicendum
1875 882 1932 963 est
1954 876 2065 987 qubd
2087 878 2205 961 Deus
2229 879 2300 961 ali·

749 1048 776 1090 „
803 1004 964 1118 quando
988 1002 1225 1116 pronuntiat
1246 999 1398 1110 aliquid
1416 995 1601 1083 futurum
1627 999 1851 1087 secundlun
1873 998 1985 1107 quod
2006 997 2243 1121 continetur
2259 996 2299 1082 in

749 1167 777 1208 η
803 1125 945 1213 ordine
969 1125 1175 1207 causarum
1194 1117 1462 1217 inferiorum,
1494 1139 1639 1228 utputa
1664 1118 1884 1204 secundbm
1904 1112 2212 1225 dispofitionem
2230 1144 2298 1199 na-

749 1284 777 1329 v
802 1265 931 1343 turae,
952 1243 1020 1325 vel
1038 1241 1307 1329 meritorum
1330 1234 1443 1346 quod
1461 1254 1598 1319 tamen
1621 1266 1703 1321 non
1723 1232 1797 1338 fit,
1813 1237 1905 1346 quia
1918 1235 2035 1321 aliter
2053 1236 2110 1318 est
2125 1234 2167 1318 in
2188 1235 2309 1338 causa,

712 1372 722 1389 '
750 1404 777 1446 κ
803 1358 1182 1473 superioridivina,
1205 1351 1336 1455 ficut,
1363 1354 1459 1439 cbm
1480 1352 1674 1461 praedixit
1694 1356 1884 1439 Ezechiae
1904 1415 1917 1454 ,
1941 1352 2110 1462 dispone
2143 1352 2300 1437 Domui

750 1522 777 1567 n
803 1479 1019 1590 tuae‚quia
1040 1473 1285 1561 morieris&
1309 1500 1392 1556 non
1415 1470 1553 1573 vives,
1573 1492 1619 1557 ut
1639 1473 1809 1560 habetur
1833 1475 1958 1559 Esa'iae
1983 1470 2049 1583 38.
2073 1472 2221 1581 Neque
2240 1492 2300 1555 ta-

704 1620 708 1625 *
751 1641 779 1682 n
804 1622 898 1683 men
919 1599 973 1681 ita
993 1595 1162 1693 evenit,
1184 1591 1276 1700 quia
1294 1593 1342 1675 ab
1366 1612 1520 1675 aeterno
1544 1592 1659 1675 aliter
1681 1588 1758 1675 suit
1781 1593 1821 1674 in
1845 1591 2012 1676 scientia
2035 1596 2077 1677 δι
2095 1592 2301 1675 voluntate

752 1759 779 1800 η
805 1716 971 1815 divina,
1001 1741 1091 1825 quae
1111 1709 1332 1795 immobilis
1352 1712 1408 1795 ell
1432 1731 1636 1819 :propter
1660 1710 1770 1820 quod
1787 1709 1887 1795 dicit
1910 1710 2163 1823 Gregorius,
2196 1708 2303 1820 qubd

752 1878 779 1918 ι,
805 1835 922 1919 Deus
950 1834 1140 1915 immutat
1161 1828 1402 1921 sententiam
1425 1851 1607 1929 naturae,
1636 1858 1719 1911 non
1744 1850 1881 1913 tamen
1903 1850 2032 1913 mutat
2055 1824 2305 1929 confilium,
2394 1820 2399 1829 ’

753 1994 781 2036 n
806 1951 960 2037 scilieet
979 1949 1198 2035 voluntatis
1213 1948 1291 2069 suae
1310 1991 1352 2028 n.
1373 1944 1533 2031 Pariter
1554 1947 1638 2057 ipse
1664 1946 1797 2031 Divus
1822 1949 2007 2033 Thomas
2030 1977 2068 2032 2.
2087 1976 2124 2031 2.
2144 1974 2185 2057 q.
2212 1976 2303 2054 171.

754 2092 828 2157 art.
856 2076 894 2153 6.
918 2068 969 2152 ad
995 2100 1033 2155 2.
1060 2089 1230 2177 utraque
1251 2065 1389 2150 futura
1407 2065 1614 2177 distinguit
1636 2063 1802 2150 dicens:
1833 2092 1860 2135 ιι
1879 2065 2007 2177 Quod
2027 2064 2165 2149 divina
2183 2064 2303 2174 praes-

753 2230 781 2273 „
806 2187 954 2274 cientia
970 2188 1134 2297 respicit
1147 2184 1283 2269 sutura
1297 2183 1519 2269 secundbm
1532 2182 1646 2283 duo,
1669 2184 1823 2283 scilicet
1841 2184 2065 2270 secundbm
2083 2184 2194 2295 quod
2215 2184 2307 2269 sunt

754 2351 781 2393 n
803 2309 844 2391 in
868 2303 1003 2417 seipsis
1022 2367 1035 2408 ,
1051 2306 1305 2415 inquantum
1324 2304 1478 2389 scilicet
1492 2332 1539 2390 ea
1553 2303 2082 2412 praesentialiterintueturt
2102 2307 2144 2388 ὅ(
2163 2304 2304 2388 secun-

754 2469 782 2511 „
807 2425 906 2510 dbm
926 2424 1038 2535 quod
1061 2426 1150 2536 sunt
1172 2423 1213 2505 in
1237 2422 1315 2507 suis
1340 2418 1492 2515 causts;
1518 2423 1558 2505 in
1581 2443 1777 2532 quantum
1799 2423 1953 2507 scilicet
1984 2421 2100 2507 videt
2120 2423 2307 2509 ordinem

755 2588 782 2629 n
807 2546 1015 2631 causarum
1036 2540 1092 2627 ad
1114 2538 1308 2627 effedus:
1333 2571 1359 2612 n
1383 2545 1424 2627 δι
1446 2538 1498 2625 ad
1518 2538 1750 2646 huiusmodi
1762 2569 1891 2654 genus
1909 2539 2037 2627 futuri
2052 2539 2229 2652 praesciti
2248 2570 2307 2625 re-

757 2663 871 2749 ducit
896 2661 995 2747 illud
1017 2659 1169 2745 diuum
1188 2658 1380 2745 Ezechiae
1401 2691 1410 2742 ε
1429 2660 1614 2743 Morieris
1628 2684 1667 2741 tu
1692 2656 1820 2745 &non
1838 2662 1969 2753 vireu
1991 2666 2033 2746 δι
2057 2661 2150 2770 quia
2167 2657 2221 2744 fic
2245 2659 2308 2745 in·

757 2782 1045 2895 telligebatur,
1071 2776 1112 2866 ἃ
1146 2778 1228 2880 ejus
1258 2779 1437 2863 revelatio
1456 2780 1678 2891 prophetica
1710 2780 1761 2888 est
1795 2778 1966 2896 impreffir
1988 2780 2161 2894 quiedam
2174 2778 2309 2891 finili-

756 2903 847 2987 mdo
869 2903 1010 2987 divine
1027 2895 1299 3009 prescientia,
1320 2922 1436 3007 prout
1458 2898 1603 3011 scilicet
1625 2894 1814 3010 cognoscit
1836 2901 2003 2983 ordinem
2034 2897 2230 3011 causamn
2260 2898 2314 2983 ad

758 3020 911 3131 effeslus
924 3082 938 3123 ‚
953 3019 1047 3105 ideo
1068 3019 1184 3106 aliter
1203 3019 1340 3128 potuit
1357 3016 1551 3120 evenire,
1569 3042 1695 3131 prout
1717 3018 1767 3103 de
1790 3016 1895 3103 fasso
1918 3018 2076 3111 evenit.
2089 3020 2140 3103 In
2161 3018 2220 3103 his
2239 3040 2310 3101 au-

759 3132 846 3228 tem
865 3141 965 3228 locis
987 3135 1137 3225 eodem
1159 3137 1273 3226 sensu
1291 3199 1304 3241 ,
1325 3138 1405 3250 qud
1425 3140 1598 3239 Lullus,
1620 3137 1800 3248 loquitur
1818 3138 1954 3223 Divus
1969 3140 2181 3239 Thomas,
2216 3135 2312 3249 quin

760 3259 964 3368 exprimat
985 3257 1200 3346 decretum
1221 3260 1454 3344 absolutum
1477 3262 1519 3344 ὅ(
1541 3256 1881 3361 conditionatum.

755 3442 762 3451 .
817 3378 974 3462 XXVI.
998 3376 1154 3482 Porrb‚
1168 3376 1281 3487 qubd
1296 3376 1431 3464 futura
1449 3372 1672 3461 secundbm
1686 3375 1863 3460 divinam
1879 3374 2211 3487 dispofitionem,
2231 3370 2313 3460 sive

759 3490 855 3575 talia
875 3488 955 3576 fint
975 3494 1100 3575 etiam
1117 3494 1342 3579 secundum
1364 3494 1497 3579 causas
1520 3492 1766 3595 inferiores,
1790 3490 1871 3581 five
1894 3526 2003 3596 non,
2038 3524 2120 3579 non
2144 3512 2310 3577 muten-

518 3650 528 3661 ·
656 3651 658 3654 ·
759 3629 829 3694 tur
851 3610 920 3695 sed
949 3606 1211 3699 infallibiliter
1232 3611 1451 3712 eveniant,
1486 3614 1611 3721 prout
1634 3617 1656 3695 a
1677 3613 1775 3699 Deo
1796 3615 2088 3725 presciuntur‚
2120 3641 2205 3697 non
2225 3609 2312 3693 und

760 3730 921 3819 tantitm
942 3728 1064 3830 loco,
1091 3726 1161 3819 sed
1182 3726 1286 3840 saepe
1310 3726 1494 3815 asseritur
1516 3733 1539 3845 ᾖ
1560 3730 1682 3815 Lullo
1698 3790 1711 3833 ,
1730 3754 1799 3833 ut,
1818 3732 1994 3841 exempli
2016 3731 2169 3845 gratia,
2185 3730 2229 3812 in
2243 3728 2315 3814 lib.

704 3851 709 3856 ’
758 3848 903 3957 Quasi.
917 3846 1033 3957 fitper
1052 3848 1188 3931 librum
1202 3843 1302 3956 sent.
1327 3876 1367 3959 q.
1395 3876 1462 3958 27.
1487 3853 1529 3935 ὅ(
1558 3874 1623 3957 30.
1647 3852 1833 3937 attribuit
1854 3852 1953 3936 Deo
1976 3849 2229 3934 infallibilem
2251 3844 2315 3933 fu·

756 3985 971 4066 tutorum,
985 3965 1115 4051 adhuc
1131 3964 1480 4081 contingentium,
1495 3968 1790 4077 praescientiam
1805 4002 1816 4063 3
1833 3998 1871 4081 q.
1902 3996 1919 4079 3
1934 4000 1966 4053 ι.
1992 3966 2157 4067 asserit,
2174 3966 2318 4053 Deum

757 4078 846 4169 nori
863 4081 976 4195 posse
994 4116 1077 4171 non
1092 4085 1278 4195 praescire
1294 4084 1338 4173 id
1352 4084 1463 4195 quod
1476 4088 1657 4196 praescin
1673 4090 1807 4198 quaest.
1835 4114 1899 4198 33.
1924 4088 2050 4173 docet
2074 4083 2184 4197 qubd
2197 4084 2318 4195 pres-

756 4203 1014 4300 cientiaDei
1035 4206 1092 4295 est
1119 4202 1335 4290 infallibilis
1361 4210 1402 4297 ὃς
1425 4205 1687 4290 immutabilis
1712 4207 1753 4289 in
1775 4208 1888 4307 hoc,
1922 4206 2034 4319 quod
2056 4206 2132 4291 scit
2165 4204 2216 4289 de
2238 4203 2325 4313 ho·⁴

593 4412 599 4421 ,
683 4327 687 4331 ’
759 4351 813 4408 ne
836 4323 1144 4432 praedestinate,
1166 4320 1263 4409 licet
1281 4324 1351 4407 iste
1375 4353 1458 4409 non
1478 4322 1734 4427 necessitate,
1755 4326 1825 4411 sed
1848 4354 1944 4412 cum
1966 4325 2166 4425 liberate,
2188 4322 2317 4407 salve-

761 4460 842 4530 tur.
859 4442 1081 4542 Similiter,
1105 4440 1198 4533 Lib.
1220 4440 1266 4523 de
1293 4443 1378 4524 Deo
1397 4438 1741 4553 &Jefit-Cstrislo,
1755 4473 1840 4554 par.
1872 4474 1905 4528 1.
1926 4472 1965 4556 q.
1988 4474 2028 4553 7.
2052 4472 2166 4527 num.
2183 4438 2222 4523 8.
2242 4440 2317 4529 ait:

762 4557 921 4671 Etscire
938 4562 1042 4662 Dei,
1067 4562 1170 4671 quod
1187 4561 1319 4645 babuit
1340 4560 1385 4642 de
1407 4562 1543 4660 Juda,
1564 4560 1616 4667 cst
1633 4564 1740 4652 Deus
1764 4560 1907 4649 &idea
1930 4587 2068 4649 aterna
2088 4622 2102 4665 ,
2125 4590 2210 4673 que
2231 4560 2319 4645 idea
2415 4627 2427 4654 .
2472 4622 2473 4629 a

761 4678 815 4785 est
834 4679 1091 4764 immutabilis.
1114 4679 1251 4764 Etiam
1266 4678 1307 4763 in
1327 4678 1394 4763 lib.
1417 4679 1463 4763 de
1483 4679 1613 4768 Artic·
1635 4680 1855 4784 damnaris,
1878 4680 1931 4767 ad
1948 4680 2080 4767 Artic.
2107 4710 2176 4765 21.
2197 4677 2321 4767 docet

762 4794 1026 4884 infallibiliter
1047 4792 1230 4886 futurum
1253 4796 1379 4899 illud,
1408 4797 1519 4906 quod
1540 4798 1659 4891 Deus
1683 4800 1756 4885 scit
1787 4832 1799 4893 t
1833 4799 1885 4887 ad
1905 4800 2034 4887 Artic.
2070 4806 2138 4883 60.
2163 4794 2320 4897 docet,

762 4916 877 5027 qubd
898 4916 1016 5003 Deus
1038 4915 1095 4999 est
1117 4916 1231 5004 causa
1246 4915 1536 5027 inimpedibilis
1572 4949 1582 4999 :
1621 4936 1740 5030 atque
1748 4919 1821 5025 fita
1843 4919 1993 5029 patet,
2028 4918 2189 5005 sensum
2212 4914 2324 5007 Lulli

766 5030 848 5119 esse
871 5033 983 5145 qubd
1003 5032 1138 5116 sutura
1160 5035 1183 5113 b
1203 5033 1302 5122 Deo
1326 5035 1535 5144 praescita,
1564 5036 1785 5125 secundbrn
1809 5038 1896 5145 ejus
1927 5040 2160 5149 supremam
2182 5034 2323 5143 dispo-

766 5146 992 5252 sitionem,
1023 5180 1107 5236 non
1130 5148 1248 5244 aliter
1269 5153 1490 5253 eveniunt,
1518 5180 1563 5240 ac
1592 5156 1860 5263 praesciuntur
1887 5187 1898 5246 t
1930 5184 2021 5265 quae
2058 5176 2193 5245 autem
2225 5151 2326 5240 talia

768 5267 864 5381 sunt
885 5270 1072 5373 tantbm,
1098 5266 1233 5385 quoad
1256 5269 1389 5357 causas
1407 5268 1657 5375 inferiores,
1688 5274 1822 5385 prout,
1835 5274 1935 5358 Deo
1956 5275 2131 5385 placet,
2156 5291 2350 5377 mutau-¹
