5150 6667
490 694 493 701 ·
620 716 640 797 .'
692 650 1072 763 ¹DJHSE‘R
1101 648 1157 752 T:
1193 646 1354 760 sslq'd.
1398 647 1488 752 V.-
1782 674 1864 768 31

324 810 415 899 sunt
437 800 601 919 iplimet
630 797 749 885 relati
770 794 967 907 spiritusa
996 790 1064 876 vel
1085 788 1178 890 isti,
1208 786 1346 899 quoad
1370 787 1412 872 id
1439 786 1549 899 quod
1575 784 1800 901 important
1811 679 1869 875 le

296 924 557 1017 elementali
596 912 856 1017 substantia,
893 910 986 997 sunt
1020 908 1197 1020 ipsarum
1234 904 1501 992 neceffa'rium
1535 912 1579 993 u
1608 908 1870 1019 irnsapambile

321 1048 570 1135 vehiculum.
1048 1139 1050 1144 .
1599 1070 1602 1074 ·

383 1162 561 1252 LXVII.
595 1155 781 1243 Tantum
801 1167 941 1235 autem
962 1145 1071 1231 abest
1093 1202 1110 1245 ,
1139 1160 1186 1227 ut
1207 1170 1260 1229 ex
1281 1142 1361 1229 hoc
1383 1143 1478 1229 loco
1503 1144 1756 1253 Scriptura,
1788 1146 1873 1230 imb

324 1311 378 1372 ex
396 1282 568 1371 Canone
587 1280 737 1361 odiavae
757 1266 919 1384 Synodi
935 1265 1064 1350 relato
1079 1262 1197 1373 supra
1211 1291 1311 1345 num
1339 1287 1403 1371 39.
1424 1262 1586 1372 aliisque
1601 1260 1876 1347 fundamentis
1919 1258 1923 1265 ’

324 1430 401 1515 pro
415 1422 532 1512 parte
547 1393 717 1481 ‘adversa
743 1386 952 1502 allegatis,
976 1380 1203 1485 deducatur
1225 1408 1441 1465 erroneam
1455 1378 1536 1465 effe
1557 1380 1809 1491 Sententiam
1824 1380 1876 1465 de

318 1508 845 1625 ›distinitionevegetativae
872 1564 887 1606 ,
924 1506 966 1587 δι
988 1495 1185 1585 senfitivssae
1208 1500 1231 1581 d
1252 1498 1440 1583 rationali
1472 1497 1514 1581 in
1532 1498 1730 1599 homine,
1769 1497 1881 1607 qubd

325 1638 518 1724 Peresius
549 1636 631 1719 loc.
666 1627 737 1714 cit.
764 1622 862 1710 licet
901 1619 1167 1729 amplettatur
1201 1615 1426 1702 dotirinam
1467 1615 1518 1707 de
1549 1616 1670 1701 unica
1703 1616 1881 1701 hominis

325 1758 487 1856 anima,
509 1753 597 1839 haec
622 1776 733 1833 num.
763 1770 857 1827 122.
878 1736 1017 1824 scribit
1039 1766 1050 1817 ε
1075 1775 1101 1815 22
1122 1730 1205 1815 Alii
1227 1754 1366 1819 tamen
1389 1733 1503 1818 clodii-
1518 1734 1611 1819 Viri
1632 1794 1647 1834 ,
1669 1754 1716 1817 ut
1737 1743 1883 1819 v'erum
1979 1778 1983 1784 ·
2118 1769 2125 1784 ·

319 1902 352 1959 '22
377 1874 545 1959 censent
561 1894 685 1955 unam
706 1858 787 1948 elle
811 1858 973 1943 tantbm
989 1852 1166 1937 animam
1185 1851 1226 1933 in
1248 1852 1416 1937 homine
1439 1910 1453 1953 ,
1485 1851 1541 1934 ita
1564 1872 1707 1962 putant
1733 1852 1776 1936 id
1797 1853 1882 1937 non

317 2008 354 2075 '22
379 1990 460 2077 ell'e
473 2004 658 2099 'unquam
677 1976 894 2065 definitum
912 1970 1138 2059 secundam
1151 1968 1302 2053 Fidem
1320 1969 1602 2069 catholicam,
1622 1992 1667 2053 ut
1681 1971 1883 2079 contraria

326 2151 353 2193 22
379 2107 594 2195 Sententia
617 2095 667 2185 fit
690 2094 918 2184 damnanda
936 2113 1148 2200 tamquam
1165 2087 1357 2173 haeretica
1380 2119 1389 2169 ε
1414 2088 1637 2173 dummodo
1663 2086 1775 2172 enim
1803 2116 1883 2197 po-
1993 2160 1999 2169 .

269 2316 275 2323 ,
311 2267 351 2323 ‚22
371 2248 496 2312 natur
517 2223 609 2311 talis
622 2216 703 2305 elle
719 2218 853 2327 anima
874 2206 1082 2329 rationalis
1100 2206 1141 2289 in
1165 2205 1360 2307 homine,
1382 2207 1545 2317 qualem
1558 2204 1657 2316 facit
1670 2233 1760 2291 eam
1779 2201 1883 2289 fides

325 2386 351 2431 22
376 2344 606 2445 catholica,
627 2336 784 2423 scilicet
805 2326 1112 2427 immortalem,
1129 2321 1306 2417 formam
1324 2322 1575 2411 ellantialem
1592 2323 1770 2437 hominis
1795 2382 1809 2425 ,
1841 2328 1883 2408 dc

238 2462 244 2468 ’
325 2506 352 2547 22
378 2461 789 2575 multiplicatampro
809 2444 1071 2535 multitudine
1090 2444 1338 2557 hominum,
1365 2464 1506 2527 utrum
1527 2462 1782 2551 preteream
1805 2437 1885 2525 fint
1953 2542 1959 2553 ι
2030 2474 2055 2482 ‘

312 2625 352 2665 .22
379 2583 419 2667 in
443 2582 611 2691 homine
635 2574 769 2661 anima
789 2565 975 2656 senfitiva
993 2570 1035 2649 ὅ(
1048 2560 1277 2674 vegetativa
1297 2558 1357 2666 illi
1369 2558 1663 2668 subordinatae,
1679 2550 1767 2671 quae
1783 2557 1885 2645 dent

328 2742 354 2783 22
377 2700 535 2791 homini
563 2696 643 2781 elle
665 2689 944 2805 vegetativum
969 2688 1010 2766 δι
1033 2676 1297 2789 senfitimtm,
1317 2707 1467 2791 nenne
1484 2738 1499 2779 ,
1518 2678 1619 2763 nihil
1631 2680 1801 2778 omnino
1812 2662 1884 2762 're-

270 2906 275 2914 ,
316 2859 355 2913 ,υ
379 2817 486 2903 ferre
503 2816 751 2901 arbitrantur
768 2805 820 2892 ad
841 2802 1044 2913 rationem
1075 2794 1173 2884 fidei
1207 2797 1450 2889 catholicae3
1482 2824 1614 2912 neque
1652 2796 1764 2882 enirn
1798 2796 1890 2879 hoo

301 3044 307 3049 ,
327 2976 355 3021 22
377 2948 559 3047 unquam
580 2926 811 3043 expreffum
830 2929 886 3009 est
905 2980 918 3021 ,
940 2918 1007 3005 vel
1021 2917 1062 3001 in
1079 2916 1324 3025 Scriptura,
1345 2917 1413 3000 vel
1434 2915 1476 2999 in
1501 2913 1725 3015 Conciliis,
1749 2928 1880 3021 neque

269 3156 272 3161 .
313 3096 353 3149 ,22
378 3058 401 3138 a
423 3052 641 3151 Patribus,
659 3070 706 3133 ut
724 3047 876 3157 dogma
893 3036 1040 3136 Fdei,
1059 3032 1254 3119 traditum
1269 3036 1338 3125 estt
1354 3060 1489 3143 neque
1505 3030 1715 3148 Theologi
1728 3031 1882 3116 Nomia

312 3212 354 3257 .22
379 3172 523 3271 nales,
564 3168 634 3280 qui
655 3188 739 3252 tres
767 3161 918 3247 animas
950 3156 992 3239 in
1024 3152 1207 3264 quolibet
1237 3152 1405 3237 homine
1436 3148 1521 3264 elle
1558 3149 1760 3252 censent,
1796 3147 1881 3232 ulld

271 3286 274 3295 ’
318 3331 354 3395 22
379 3312 568 3399 tempore
591 3288 683 3371 sunt
714 3278 893 3365 damnati
915 3274 963 3359 ab
989 3266 1171 3362 Ecclefia
1192 3291 1239 3355 ut
1260 3270 1454 3356 haeretici.
1489 3270 1600 3353 Nam
1620 3266 1730 3378 quod
1750 3267 1792 3353 in
1815 3269 1883 3350 su-

327 3449 355 3491 22
379 3406 568 3517 pradiois
591 3404 693 3489 loco
713 3398 893 3507 dicitur„
920 3421 1003 3477 non
1026 3387 1107 3474 elle
1132 3388 1229 3475 duas
1249 3390 1403 3483 ,animas
1442 3390 1483 3471 in
1522 3385 1728 3486 homine,
1755 3382 1882 3497 ¹facild

84 3598 87 3606 .
177 3630 185 3639 ¹
327 3568 354 3610 22
379 3524 654 3639 intelligitur,
676 3520 908 3605 sermonem
933 3508 1075 3595 haberi
1098 3506 1148 3593 de
1169 3506 1325 3615 duabus
1349 3505 1587 3605 animabus,
1606 3530 1779 3615 quarum
1802 3530 1884 3589 una

249 3736 252 3741 ,
326 3686 354 3728 22
379 3642 429 3729 fit
447 3636 694 3739 vivificans,
717 3634 843 3719 alte'ra
862 3630 963 3717 verb
996 3656 1079 3713 non
1109 3622 1353 3727 vivificans,
1390 3623 1461 3710 sed
1490 3622 1651 3736 tantbm
1680 3622 1884 3707 rationem

328 3805 353 3848 22
379 3760 641 3859 ministrans,
669 3760 711 3841 oc
733 3748 844 3865 quast
867 3748 1071 3836 affistens:
1102 3746 1169 3829 vel
1188 3773 1359 3856 quarum
1376 3772 1457 3855 una
1480 3741 1530 3826 fit
1551 3744 1574 3825 a
1594 3739 1731 3839 Deo,
1765 3744 1806 3823 ἃ
1830 3738 1883 3830 de

275 3880 277 3885 ’
327 3923 353 3964 22
379 3879 591 3997 substantia
615 3874 728 3989 Dei,
756 3857 880 3982 altera
905 3867 1006 3977 verb
1035 3858 1088 3985 stt
1117 3863 1167 3947 ab
1194 3862 1274 3946 alio
1303 3860 1481 3972 quodam
1513 3850 1884 3971 principio,.s1cut

212 4024 215 4029 ·
275 4092 277 4097 ,
311 4040 357 4092 ,η
383 3998 573 4085 dicebant
594 3986 820 4077 Manichaei.
851 3988 951 4069 Non
984 4002 1122 4067 autem
1146 3978 1458 4083 dominantur(
1480 3973 1882 4083 fortadamnanur)

334 4158 361 4199 22
387 4116 456 4227 qui
477 4114 623 4207 multas
650 4108 800 4195 animas
823 4102 1054 4215 ponuntdn,
1065 4094 1266 4201 homine,
1299 4097 1424 4183 modd
1448 4096 1529 4209 qud
1556 4094 1674 4210 supra
1693 4088 1884 4205 exposui.

332 4275 359 4318 22
383 4262 502 4337 mus,
520 4236 563 4318 ἃ
584 4222 928 4345 quemadmodum
947 4220 1168 4339 opinantur
1190 4218 1234 4306 N
1237 4216 1447 4305 ominales.

1079 4517 1176 4617 ie,

1246 4622 1360 4781 a,
1459 4652 1469 4776 J
1609 4616 1629 4771 ss

838 4626 992 4823 *ltili
1028 4616 1063 4719 ³⁵

993 4723 1010 4771 i
1067 4722 1082 4769 b
