5150 6667
736 656 816 742 ω
887 617 1224 730 utun-rc.
1289 617 1526 700 turn.
1571 617 1720 701 run.
1758 549 2198 708 1-11.o1s1.1.7
2265 584 2272 600 “

731 761 996 849 informatum
1016 791 1026 851 ;
1058 764 1100 842 ὃ(
1124 755 1275 842 eisdem
1295 755 1376 851 fuit
1396 755 1567 866 spoliata·
1584 754 1697 867 penis
1729 737 1970 856 substantia}
1998 783 2087 866 quae
2102 756 2280 866 fadaest

731 883 863 992 ipsum
884 907 1032 988 corpus
1057 875 1234 977 Christi,
1267 873 1377 986 quod
1399 870 1536 958 tamen
1560 875 1629 958 sub
1661 871 1813 959 eisdem
1844 873 2120 978 accidentibus
2151 876 2282 961 sacra-
2441 886 2444 898 '

723 999 962 1084 mentaliter
976 996 1224 1106 perseverat,
1238 1013 1286 1076 ut
1301 990 1402 1102 saepd
1418 992 1594 1102 explicat
1608 991 1690 1101 ipse
1705 992 1847 1098 Lullus
1862 991 1903 1075 in
1918 992 1997 1076 hoc
2013 993 2162 1076 eodem
2175 1012 2283 1079 trac-

720 1139 818 1206 tatu
841 1116 891 1201 de
914 1113 1175 1199 Eucharistia:
1187 1110 1380 1196 Tandem
1402 1109 1586 1211 ibidem,
1602 1111 1736 1219 quaest.
1752 1138 1793 1211 9.
1813 1138 1924 1192 num.
1951 1117 1990 1190 6.
2013 1111 2186 1192 habetur
2207 1111 2281 1195 ita:

722 1236 877 1324 ‚Modus
900 1233 1135 1316 Sacrameuti
1155 1229 1311 1313 Altaris
1335 1229 1386 1335 est
1395 1229 1557 1337 figura,
1579 1226 1861 1336 quaefigntficat
1874 1229 2021 1330 modurn
2037 1229 2282 1313 incarnatio-

722 1355 791 1438 nis
815 1384 826 1444 3
853 1349 1050 1458 nomficut
1059 1347 1270 1459 firbflantia
1285 1347 1406 1453 panls
1427 1342 1780 1452 tranfirbstamiatur
1800 1343 2095 1455 infirbslontiom
2113 1351 2280 1454 corporis

730 1469 869 1576 Christi
887 1466 1093 1576 firsteutoto
1116 1494 1198 1547 cum
1222 1465 1330 1545 modo
1347 1459 1615 1570 poffificaudi,
1638 1461 1870 1571 gloriandi,
1901 1459 1941 1545 ἃ
1967 1462 2207 1574 complendi,
2241 1461 2283 1549 δ’

729 1587 800 1668 illa
823 1581 1155 1693 tranfizbstantiota
1171 1581 1382 1690 firbstcvrria
1405 1580 1456 1686 est
1475 1609 1609 1687 corpus
1637 1579 1773 1685 Christi
1786 1637 1800 1679 ,
1814 1578 1879 1688 fic
1899 1579 2281 1687 hnmanitasfclrrisli

728 1705 780 1810 est
790 1702 995 1814 fiestentata
1014 1705 1052 1782 in
1072 1701 1222 1782 Deitore
1241 1756 1255 1799 ‚
1280 1695 1320 1782 ἃ
1341 1689 1421 1806 'ipfiz
1438 1697 1491 1802 est
1506 1697 1642 1778 Deitas
1661 1694 1681 1798 (
1701 1696 1742 1778 in
1757 1713 1953 1780 concreto
1980 1697 2161 1804 scilicet,
2180 1725 2280 1807 qua-

730 1842 849 1905 tenus
873 1817 1101 1912 in,·Christo
1123 1818 1250 1901 horno
1273 1818 1330 1900 est
1347 1815 1497 1914 Dent,
1529 1819 1570 1898 dr
1594 1813 1712 1901 Deus
1734 1816 1791 1898 est
1813 1815 1974 1924 homo)
1998 1812 2038 1899 ἃ
2063 1815 2205 1900 Deitas
2230 1817 2282 1923 est

571 1989 573 1994 ·
618 2009 620 2014 .
728 1937 810 2048 ipstz
831 1972 849 2040 ;
873 1935 913 2022 δ’
934 1940 1005 2018 lzoc
1027 1967 1098 2045 per
1119 1935 1266 2017 modum
1283 1930 1521 2042 poffificandi
1542 1990 1558 2046 ².
1564 1931 1788 2039 gloriandi,
1820 1927 2098 2040 &complendi
2124 1932 2174 2014 In
2199 1933 2279 2016 hoc

511 2065 516 2074 '
627 2109 650 2145 s
730 2058 771 2138 T
775 2077 874 2138 extu
905 2054 1116 2138 substantia
1143 2049 1286 2162 panis,
1319 2078 1407 2160 quae
1431 2049 1831 2160 transubstantiatur,
1869 2046 2019 2132 dicitur
2039 2047 2279 2158 firstenrata,

730 2202 813 2256 non
834 2169 1056 2256 secundltm
1079 2172 1193 2253 suum
1215 2165 1295 2252 effe
1315 2227 1328 2270 ,
1357 2166 1427 2251 sed
1449 2163 1668 2250 sec‘undlun
1690 2165 1805 2274 quod
1825 2165 2158 2276 tranfirbstontinto
2168 2165 2282 2277 firbs-

398 2311 406 2330 ·
568 2331 576 2356 2
731 2291 875 2390 tantia,
898 2291 949 2396 est
973 2317 1106 2397 corpus
1129 2283 1302 2395 Christi;
1325 2291 1366 2369 ὃ(
1390 2281 1493 2367 ficut
1510 2303 1585 2384 ,ut
1606 2283 2215 2385 transubstantiatarsubstantia,
2237 2291 2280 2370 ἃ
2491 2305 2500 2409 q

727 2428 856 2516 ¹prout
875 2409 931 2490 est
949 2433 1098 2514 corpus
1115 2402 1291 2502 Christi,
1308 2402 1596 2516 sustentaturin
1615 2399 1806 2502 Deitate‚
1819 2402 1875 2484 ita
1888 2401 2113 2491 humanitas
2129 2401 2281 2487 Christi

711 2524 970 2634 ‘sustentatur
983 2523 1023 2606 in
1039 2521 1238 2614 Deitate;
1263 2526 1305 2604 ὅ(
1328 2519 1430 2605 ficut
1453 2518 1663 2602 substantia
1676 2519 1790 2627 panls
1813 2548 1888 2628 per
1906 2517 2214 2638 conversionem
2232 2515 2280 2605 fit

730 2667 880 2750 corpus
900 2639 1078 2741 Christi,
1101 2641 1156 2724 ita
1177 2639 1403 2722 humanitas
1418 2638 1711 2746 perunionern
1733 2636 2006 2721 cdeeitate
2025 2637 2158 2748 quoad
2178 2666 2280 2723 con-

615 2804 621 2815 ·
730 2745 891 2842 oretum
911 2753 959 2840 fit
979 2757 1127 2857 Deus,
1160 2778 1356 2865 quatenus
1379 2743 1506 2839 homo
1528 2749 1576 2837 fit
1589 2755 1707 2836 Deus
1721 2761 1802 2855 ‚·&
1825 2751 1879 2839 lic
1903 2756 2021 2840 Deus
2046 2757 2104 2840 est
2125 2757 2278 2851 homor

723 2873 813 2960 ndu
829 2875 939 2986 quod
960 2874 1107 2960 Deitas
1131 2874 1172 2957 in
1192 2875 1384 2958 abstratto
1403 2869 1453 2956 fit
1469 2871 1695 2960 humanitas
1714 2871 1755 2954 in
1777 2873 1968 2957 abstrado
1988 2933 2003 2974 ,
2025 2872 2095 2958 sed
2117 2875 2158 2956 in
2176 2902 2279 2961 con-

730 3013 878 3093 crete,
910 3013 955 3076 ut
978 2991 1101 3077 docet
1126 2991 1275 3101 ubique
1305 2992 1480 3089 Lullus,
1519 2995 1560 3074 dr
1583 2986 1786 3100 lignanter
1813 2991 1853 3092 in
1874 2991 1954 3078 hoc
1977 2990 2124 3076 eodem
2146 2991 2276 3098 libro,

728 3109 817 3218 dili.
847 3137 882 3219 3.
908 3137 993 3222 par.
1024 3141 1057 3192 1.
1077 3111 1211 3220 quaest.
1236 3140 1271 3192 z.
1291 3109 1337 3191 de
1353 3108 1651 3206 incarnatione,
1683 3129 1879 3216 quatenus
1904 3109 2021 3194 Deus
2044 3111 2100 3193 est
2120 3107 2276 3211 homo,

579 3293 586 3308 .
730 3222 920 3311 &homo
942 3229 998 3313 est
1019 3227 1151 3311 Deus.
1176 3227 1324 3336 Neque
1349 3223 1613 3336 intelligitur,
1638 3225 1776 3334 quod,
1804 3215 1910 3343 sieut
1932 3225 2141 3311 substantia
2161 3224 2280 3336 panis

472 3372 514 3438 ·‚
634 3347 643 3366 '
670 3437 678 3453 ‚
726 3345 982 3429 'convertitur
1003 3343 1045 3426 in
1066 3371 1214 3453 corpus
1241 3343 1423 3441 Christi,
1456 3343 1511 3424 ita
1531 3341 1758 3425 hunianitas
1785 3365 2048 3428 convertatur
2068 3345 2110 3428 in
2128 3344 2280 3428 Deita-

628 3491 646 3560 ³.-
676 3467 683 3484 '
728 3489 845 3552 tem3
871 3461 988 3570 quia,
1011 3481 1057 3542 ut
1084 3459 1216 3568 ample
1246 3460 1419 3543 docetur
1440 3461 1480 3542 in
1504 3456 1648 3544 eadem
1681 3463 1814 3568 quaest.
1842 3489 1879 3543 2.
1901 3462 1946 3542 de
1976 3462 2276 3560 incarnatione,

531 3565 540 3584 ’
727 3599 897 3686 utraque
920 3577 1149 3686 perseverat
1170 3577 1407 3668 inconversa
1438 3581 1479 3658 dr
1502 3574 1722 3660 inconfusa.
1756 3580 1903 3687 Neque
1928 3572 2094 3662 tandem
2121 3577 2277 3660 intelli·

727 3695 837 3806 gitur
860 3693 999 3804 quod,
1032 3690 1134 3777 ficut
1161 3694 1385 3777 humanitas
1416 3692 1639 3777 secundum
1667 3695 1784 3778 suum
1811 3693 1889 3780 effe
1913 3695 2144 3804 perseuerat
2173 3692 2279 3779 faut

727 3812 1185 3914 unione‚itasubstantia
1200 3811 1312 3918 panls
1331 3810 1551 3897 secunddm
1573 3811 1688 3905 suum
1706 3811 1786 3898 effe
1804 3814 2033 3924 perseuerat
2054 3811 2158 3897 faut
2170 3841 2276 3896 cou-

501 4019 505 4034 ‚
727 3927 939 4030 verfione,
968 3932 1059 4039 quia
1081 3929 1131 4012 de
1159 3927 1370 4014 substantia
1390 3929 1506 4040 panis
1530 3927 1715 4040 expressi
1744 3930 1895 4017 dicitur
1915 3931 2277 4034 transubstantiari,

574 4119 578 4128 .
619 4045 627 4064 '
730 4053 772 4132 δι
795 4070 918 4157 prout
931 4049 987 4130 est
1008 4046 1349 4131 transubstantiata
1367 4045 1447 4133 elle
1467 4072 1617 4157 corpus
1631 4046 1810 4149 Christi,
1837 4055 1878 4134 dr
1897 4044 1952 4133 fic
1976 4048 2209 4148 sustentari,
2226 4076 2275 4133 ac

729 4163 903 4272 proinde
935 4163 1155 4250 secundnm
1175 4167 1293 4248 suum
1317 4163 1396 4250 elle
1421 4185 1502 4249 non
1525 4187 1768 4275 permanet;
1799 4165 1908 4251 unde
1944 4194 2029 4251 non
2053 4165 2277 4282 seqrndlmr

732 4281 800 4380 ista
831 4281 1070 4395 intelligitur
1091 4283 1342 4392 comparatio
1361 4343 1375 4383 ,
1394 4284 1463 4367 sed
1479 4281 1598 4385 unice
1622 4281 1747 4368 modo
1766 4285 1988 4394 explicato.
2078 4369 2086 4386 ,,

786 4401 977 4484 LXXIX.
1005 4403 1071 4484 Ex
1094 4400 1297 4509 hucusque
1322 4400 1434 4484 diois
1450 4399 1593 4509 ,judico
1615 4422 1788 4510 patere,
1815 4401 1984 4488 Lullunr
2006 4431 2089 4487 non
2112 4397 2274 4489 senfiffe

729 4516 983 4602 substantiam
1005 4518 1119 4630 panls
1143 4517 1276 4628 quoad
1289 4521 1404 4609 suurn
1418 4517 1680 4604 effimanere
1702 4523 1792 4629 post
1812 4519 2277 4624 transubstantiationem

729 4635 772 4720 in
795 4634 1068 4722 Eucharistia:
1091 4665 1222 4750 neque
1242 4637 1402 4722 inlotis
1426 4640 1448 4719 l
1467 4637 1629 4723 laudato
1648 4637 1831 4724 Censore
1851 4638 2000 4723 notatis
2015 4667 2071 4723 ex
2090 4637 2160 4722 lib.
2178 4637 2277 4722 Sen-

727 4777 819 4838 tent.
848 4782 978 4863 neque
994 4756 1035 4840 in
1061 4755 1177 4857 aliis,
1208 4783 1298 4866 quae
1318 4755 1428 4841 ultro
1442 4758 1713 4864 putulimus,
1737 4785 1825 4868 quae
1847 4754 2085 4843 viderentur
2109 4751 2275 4841 sonasse

728 4872 863 4960 ansam
881 4875 1064 4983 praebere
1087 4905 1099 4968 t
1118 4901 1249 4982 neque
1270 4874 1311 4958 in
1333 4873 1403 4959 lib.
1426 4876 1829 4986 Proverbiorum‚par.
1850 4875 1890 4984 ’3.
1914 4903 2004 4984 cap.
2031 4903 2098 4957 21.
2123 4875 2274 4972 deniae

727 5019 844 5071 cram.
867 4991 1000 5078 Altar.
1028 5013 1152 5100 prout
1172 4993 1462 5103 explicavimus
1476 4994 1602 5078 Tom.
1621 5024 1658 5076 2.
1681 5020 1770 5104 cap.
1796 4990 1861 5103 38.
1876 4993 1929 5079 ad
1938 4994 2030 5078 Art.
2054 5019 2123 5099 94.
2142 4994 2185 5075 dc
2202 5015 2271 5100 95.

726 5105 940 5215 Eymerici
960 5140 971 5201 ;
995 5110 1088 5224 quia
1109 5112 1292 5194 constans
1318 5113 1375 5196 est
1394 5112 1592 5196 sententia
1610 5113 1721 5196 Lulli
1735 5111 1886 5221 ubique
1908 5112 1957 5198 ab
1980 5111 2067 5221 ipso
2084 5106 2274 5222 propugss

731 5243 847 5329 nata,
868 5227 978 5338 quod
994 5227 1205 5317 substantia
1224 5226 1340 5343 panis
1353 5229 1535 5318 totaliter
1548 5231 1947 5335 transubstantiatur,
1967 5229 2023 5318 ita
2039 5249 2087 5317 ut
2107 5246 2193 5322 tota
2206 5225 2272 5312 es·-
2323 5249 2327 5254 ’
