5150 6667
745 671 823 770 1³66
875 613 1214 770 ΣῙἸΝΒΪΕ.
1276 670 1538 781 LULL„
1581 603 1737 762 'ron
1769 670 1874 760 111.
1911 668 2070 795 Dm.
2102 673 2138 760 Ι.

738 844 864 936 prout
878 821 1054 906 vidimus
1076 818 1167 904 totd
1188 819 1227 929 ᾗ.
1255 848 1288 902 1.
1310 817 1433 904 Unde
1449 847 1532 904 non
1546 815 1709 928 possum
1724 815 1975 902 sufficienter
1991 815 2159 917 mirari,
2178 813 2331 942 Cen-2
2424 889 2430 900 .

740 945 872 1027 sorem
904 937 1110 1022 laudatum
1133 938 1354 1022 attribuere
1382 937 1505 1022 Lullo
1528 964 1713 1022 errorem
1736 935 1788 1021 de
1816 933 2101 1046 permanentia
2121 935 2305 1018 substan·

740 1060 807 1144 tiae
829 1056 945 1167 panis
968 1055 1191 1142 secundum
1210 1056 1327 1139 suum
1354 1054 1435 1140 effe
1457 1058 1548 1165 post
1574 1056 1926 1141 consecrationem
1948 1051 1990 1137 in
2012 1052 2305 1155 Eucharistia',

740 1197 931 1286 tanquam
961 1176 1011 1260 ab
1047 1175 1134 1284 ipso
1163 1169 1400 1284 expositum
1430 1173 1471 1255 in
1499 1173 1579 1257 hoc
1599 1173 1876 1284 libro,QuaJl.
1904 1169 2022 1282 firper
2050 1170 2153 1254 Lib.»
2178 1171 2300 1280 Mag.
2450 1192 2453 1198 ·

688 1383 689 1388 Ν
740 1297 907 1381 Sentent.
925 1293 1056 1380 ,Cum
1081 1291 1190 1376 forte
1227 1291 1371 1374 nullibi
1392 1289 1536 1374 clarilu
1568 1291 1757 1400 loquatur
1788 1290 1931 1374 Lullus
1962 1289 2013 1374 de
2040 1288 2160 1374 totali
2182 1290 2304 1398 panis
2419 1325 2427 1332 ·

740 1410 1157 1501 transubstantiatione
1179 1439 1191 1502 3
1211 1437 1305 1492 nam
1325 1408 1366 1491 in
1386 1409 1519 1518 quaest.
1542 1433 1634 1518 125.
1665 1415 1759 1492 126.
1779 1413 1822 1533 §a
1848 1438 1942 1514 129.
1958 1436 2056 1520 quas
2073 1408 2174 1492 citat
2189 1405 2302 1492 idem

742 1531 934 1631 Censor,
957 1525 1201 1640 apertissime
1225 1525 1349 1610 docet
1371 1527 1542 1610 totalem
1559 1526 1966 1612 transubstantionem
1987 1525 2103 1638 panis
2122 1526 2166 1610 in
2184 1523 2301 1610 Cor-

741 1654 894 1758 pus,&
907 1647 993 1732 vini
1015 1646 1056 1730 in
1076 1644 1324 1756 Sanguinem
1339 1643 1515 1745 Christi,
1534 1646 1589 1729 ita
1610 1643 1723 1757 quod
1745 1645 1969 1731 accidentia
1989 1643 2133 1756 panis,
2152 1649 2196 1728 δι
2214 1644 2300 1728 vini

653 1813 657 1820 1
742 1785 932 1852 maneant
947 1761 1029 1848 fine
1050 1763 1226 1870 subjecto
1250 1794 1260 1856 ;
1287 1767 1329 1846 δε
1343 1758 1548 1875 fignanter
1570 1767 1692 1874 quaest
1714 1793 1807 1868 129.
1830 1794 1941 1847 num.
1970 1759 2004 1846 i.
2024 1762 2160 1846 dicit:
2187 1761 2302 1846 Unde

392 1986 399 1994 ·
633 1875 635 1880 ἲ
740 1886 892 1996 quando
919 1881 1247 1992 sacramentaliter
1258 1881 1313 1987 fit
1329 1879 1588 1991 transmutatio
1622 1883 1669 1964 de
1691 1880 1902 1992 fitbslorrtia
1925 1884 2043 1991 panis
2084 1883 2124 1963 iu
2147 1879 2298 1988 Corpus

471 1991 474 1999 ’
743 2001 880 2107 cnriJa
901 2059 915 2101 ,
936 1998 991 2109 fit
1001 1997 1222 2111 formaliter
1247 1995 1289 2082 δ’
1310 1999 1584 2100 materialiter,
1611 2026 1653 2082 ut
1673 2024 1786 2083 torae
1816 1999 1917 2084 intio
1936 1997 2158 2110 fitlstanrioe
2177 1999 2296 2108 panis

740 2117 1136 2229 transmutemr,alids
1155 2146 1230 2199 non
1247 2115 1467 2231 poffetfieri
1487 2118 1652 2201 totaliter
1672 2147 1741 2200 nec
1775 2119 2061 2226 ubstantialiter.
2085 2116 2200 2203 Cum
2222 2116 2300 2200 ita-

741 2249 820 2347 que
844 2236 946 2320 adeo
962 2233 1100 2345 aperte
1120 2232 1294 2330 fateatur
1307 2236 1479 2337 Lullus,
1498 2235 1608 2345 quad
1627 2237 1669 2318 in
1690 2237 2108 2338 ‘transubstantiatione
2130 2233 2298 2319 Eucha-

739 2354 871 2438 ristica
885 2350 933 2436 fit
945 2352 1225 2437 transmutatio
1248 2351 1477 2439 formaliter
1498 2359 1540 2438 &
1560 2353 1854 2456 materialiter,
1878 2355 1934 2439 ita
1954 2377 2002 2438 ut
2023 2376 2111 2438 tota
2126 2351 2299 2439 effentia

740 2471 964 2573 substantia
991 2469 1108 2580 panls
1131 2471 1448 2574 transmutetur,
1479 2472 1596 2557 aliter
1631 2500 1715 2556 non
1737 2470 1871 2582 posset
1905 2469 1996 2557 fieri
2016 2474 2299 2558 transmutatio

740 2589 924 2676 totaliter
958 2617 1035 2674 uec
1076 2588 1413 2691 substantialiter,
1437 2589 1609 2700 qualiter
1653 2589 1777 2675 debet
1800 2585 1920 2676 fieri:
1941 2591 2098 2698 judicet
2120 2587 2299 2676 sincerus

695 2749 698 2758 ·
740 2709 920 2807 Leeor,
944 2705 1153 2816 quomodo
1170 2709 1304 2815 potest
1325 2706 1400 2820 ips1
1418 2709 1584 2794 attribui
1607 2708 1788 2794 doctrina
1814 2708 1866 2794 de
1892 2710 2175 2823 permanentia
2189 2709 2300 2794 subs·

740 2824 1008 2934 tantiaepanls
1023 2824 1339 2908 inEucharistia.
1594 2898 1605 2916 ,
2263 2933 2266 2937 1

799 2944 913 3025 XIX.
944 2943 1003 3025 At
1024 2945 1143 3053 quam
1177 2943 1386 3027 immerito
1411 2944 1498 3028 haec
1531 2942 1713 3030 dodrina
1739 2942 1813 3055 ipfi
1835 2949 2097 3047 attribuatur,
2120 2944 2298 3056 amplius

739 3059 898 3169 patebit
919 3079 972 3144 ex
990 3059 1126 3145 debita
1144 3061 1371 3146 reflexione
1388 3083 1598 3164 textuum,
1620 3065 1830 3174 exquibus
1849 3064 2114 3177 praelaudatus
2130 3063 2300 3149 Censor

742 3177 866 3263 infert
897 3199 1079 3264 notatam
1111 3177 1437 3288 propositionem
1460 3212 1473 3274 ;
1500 3186 1542 3265 dc
1572 3181 1737 3292 quidem
1763 3210 2028 3293 praemone0,
2061 3183 2230 3267 Lullum
2257 3180 2300 3265 in

741 3297 890 3381 eodem
910 3298 979 3381 lib.
997 3292 1182 3382 Sentent.
1200 3301 1334 3406 quaest.
1366 3324 1459 3408 ης.
1480 3327 1681 3410 quaerere:
1694 3301 1827 3394 Urrrlm
1842 3306 2124 3385 Sacramennrm
2138 3299 2296 3409 Altaria

640 3459 642 3467 ·
732 3413 788 3525 fit
812 3413 1019 3524 poffibile?
1057 3414 1248 3524 Cumque
1283 3416 1387 3500 hanc
1421 3419 1683 3526 quaestionem
1719 3418 1870 3503 excitet
1906 3418 2024 3527 super
2054 3415 2295 3528 Magistrum

742 3533 930 3617 Sentent.
951 3533 1124 3642 idipsum
1140 3533 1329 3645 intelligit
1351 3562 1427 3643 per
1450 3537 1760 3620 Sacramentum
1778 3535 1958 3638 Altaria,
1981 3524 2092 3646 quod
2104 3533 2299 3648 Magister

741 3647 782 3731 in
797 3677 839 3750 4.
856 3654 877 3732 a
896 3651 982 3734 dist.
1004 3649 1043 3733 8.
1064 3646 1251 3736 Resolvit
1264 3654 1409 3736 Lullus
1421 3654 1655 3761 praedistam
1669 3656 1931 3765 quaestionem
1946 3654 2297 3751 affinnansmum.

748 3796 783 3848 t.
808 3767 912 3880 ¹qudd
928 3773 1211 3854 Sacramentum
1232 3769 1389 3853 Altaria
1408 3770 1464 3881 fit
1476 3771 1647 3882 poffidile
1671 3833 1685 3875 ,
1705 3774 1834 3884 quoad
1852 3775 1976 3856 Deam
1992 3767 2066 3872 ,δ’
2091 3767 2294 3879 impoffibi-

739 3885 775 3969 le
797 3889 926 3998 quoad
944 3913 1152 3972 creaturam
1162 3921 1182 3989 ;
1195 3894 1237 3980 dt
1261 3888 1485 4001 subjungit,
1509 3891 1619 3999 quod
1640 3952 1655 3992 ,
1683 3888 1714 3976 fi
1741 3919 1794 3976 ex
1813 3884 2131 4002 impollibilitate
2163 3883 2298 3997 quoad

743 4026 974 4088 creaturam
1009 4005 1187 4090 absolute
1227 4035 1311 4090 non
1343 4010 1476 4117 potest
1493 4006 1598 4110 elle,
1612 4009 1781 4118 potestas
1799 4034 1980 4094 creatura
1999 4037 2072 4117 per
2083 4004 2196 4117 fitam
2221 4006 2298 4085 im-

715 4117 1013 4229 ,pffoiliranm
1026 4123 1147 4234 poffet
1161 4123 1233 4238 effe
1258 4127 1504 4227 inobediens,
1532 4124 1576 4212 d*
1592 4154 1731 4237 potens
1755 4153 1888 4216 contra
1907 4129 2079 4210 divinam
2107 4123 2295 4232 infinitam

737 4239 952 4346 potestatem
975 4241 1111 4350 ,quod
1124 4243 1175 4349 est
1192 4242 1421 4353 impoffibile.
1445 4242 1616 4346 Postea,
1636 4273 1749 4328 natm.
1775 4271 1813 4328 2.
1832 4247 1980 4356 probat
2002 4239 2083 4328 esse
2109 4237 2295 4351 pollibile

740 4381 819 4462 per
845 4356 931 4440 haec
951 4359 1075 4442 verba
1098 4390 1109 4439 ε
1134 4359 1385 4446 “Praeterea
1409 4361 1545 4448 divina
1563 4362 1755 4473 sapientia
1773 4365 1908 4474 potest
1932 4361 2160 4473 intelligere
2185 4384 2296 4442 tran·

737 4509 768 4551 a,
783 4471 1132 4583 firdstantiationem
1157 4482 1276 4587 panso
1294 4481 1335 4561 in
1365 4479 1516 4590 Corpus
1539 4481 1709 4590 curisti,
1730 4484 1776 4566 dr
1801 4477 1855 4564 s1c
1878 4481 1931 4565 de
1950 4480 2048 4564 vino
2071 4479 2112 4561 iu
2130 4476 2293 4588 langui·

737 4629 766 4670 2,
791 4619 886 4675 nem
902 4624 913 4685 t
932 4598 972 4676 ὅ(
992 4593 1103 4680 idem
1125 4600 1258 4706 potest
1276 4597 1382 4682 velle
1404 4597 1538 4682 divina
1559 4601 1747 4683 voluntas
1769 4659 1783 4700 ,
1807 4603 1850 4684 dt
1870 4626 1948 4710 per
1964 4593 2293 4706 consequensdi·

739 4748 767 4788 υ
790 4709 884 4792 vina
916 4716 1093 4818 potestas
1131 4711 1357 4824 poffificare
1380 4716 1401 4818 (
1424 4715 1475 4798 ad
1506 4715 1699 4801 effaetum
1722 4716 1963 4828 deducere)
1986 4720 2028 4800 dt
2052 4708 2250 4823 perlicere
2276 4771 2293 4812 ,

738 4867 765 4909 n
791 4829 887 4918 edm
912 4827 1047 4916 divina
1066 4837 1240 4943 poteslas
1264 4829 1313 4917 fit
1330 4833 1548 4945 iramagna
1570 4837 1611 4918 in
1633 4833 1776 4944 polle,
1799 4832 1903 4920 ficut
1937 4834 2073 4918 divina
2095 4829 2293 4941 sapientia

737 4985 765 5028 n
789 4947 831 5029 in
846 4946 970 5050 scire,
987 4953 1028 5033 dr
1054 4951 1189 5036 divina
1205 4953 1392 5036 voluntas
1413 4949 1456 5033 in
1481 4951 1586 5036 velle
1610 4984 1622 5032 :
1643 4953 1752 5038 unde
1778 4953 1988 5063 stquitur,
2015 4949 2128 5062 quod
2151 4951 2296 5032 Sacra-

735 5103 764 5144 „
788 5087 974 5150 mentum
990 5066 1140 5152 Altaria
1158 5066 1208 5152 fit
1234 5068 1434 5178 pofflbile.
1455 5107 1482 5147 n
1503 5069 1563 5152 Et
1581 5098 1695 5152 num.
1721 5098 1763 5171 4.
1791 5070 2044 5180 respondens
2074 5068 2123 5152 ad
2146 5067 2293 5170 objec-

731 5179 893 5266 tionem
912 5185 1140 5288 Eremitae,
1161 5185 1285 5272 dotet
1306 5187 1389 5274 ltoc
1405 5185 1717 5274 Sacramentum
1733 5183 1817 5273 elle
1836 5188 2026 5300 possibile
2038 5186 2155 5300 fitpra
2172 5207 2295 5269 natu·
