5150 6667
675 638 1426 750 DlssERT.Lo;L
1633 650 1638 657 “
1756 678 1834 765 ζμ

256 832 310 873 .„
332 789 416 898 est,
443 786 619 873 alterum
640 812 714 896 quo
734 783 819 889 est,
851 782 1001 866 borum
1025 782 1139 889 prius
1161 783 1217 865 est
1239 803 1408 884 natura,
1440 786 1663 893 posterius,
1703 791 1837 878 forma

282 940 310 993 n
335 905 418 993 five
440 903 659 1018 personalis
678 898 938 1012 proprietas,
956 898 1036 983 hoc
1056 901 1140 1000 est,
1158 904 1230 1009 qud
1245 923 1357 983 certa
1372 900 1549 989 Persona
1563 909 1837 995 constituitur:
1980 894 1982 901 ¹

280 1068 311 1108 ι,
336 1029 384 1111 ab
407 1026 482 1111 bac
504 1024 604 1107 verb
628 1018 912 1130 proprietate,
941 1037 1148 1125 tamquam
1165 1016 1325 1126 formd,
1348 1020 1458 1125 capit
1480 1023 1558 1105 hoc
1583 1024 1837 1135 hypostafis,

282 1184 312 1225 n
337 1165 428 1227 tum
450 1162 498 1227 ut
519 1134 750 1253 hypostafis
767 1132 845 1235 fit,
870 1155 961 1217 tum
983 1155 1122 1217 utuna
1144 1130 1194 1217 fit
1215 1132 1468 1246 hypostasis,
1493 1136 1690 1246 srquidem
1708 1146 1840 1229 unitas

284 1303 313 1343 tt
338 1260 506 1370 propria
522 1261 580 1342 est
598 1256 704 1342 entis
727 1251 886 1337 affeliio
906 1283 918 1345 t
942 1252 990 1335 ab
1011 1244 1159 1336 eodem
1179 1252 1313 1361 itaque
1337 1282 1402 1337 res
1426 1256 1616 1363 quaelibet
1630 1262 1778 1369 accipit
1796 1286 1842 1345 ut

285 1422 312 1461 κ
338 1375 389 1461 stt
413 1406 571 1475 unum,
594 1378 616 1457 a
640 1403 749 1483 quo,
775 1392 823 1457 ut
845 1367 895 1453 fit
916 1398 989 1454 ens
1011 1371 1115 1470 tale,
1134 1370 1312 1455 sortitur.
1338 1372 1699 1482 Quemadmodum
1718 1379 1841 1489 igitur

285 1538 314 1579 n
339 1524 393 1581 ex
406 1524 457 1581 eo
481 1491 760 1604 qubdnaturae
775 1488 864 1572 duae
882 1490 974 1571 sunt
992 1488 1033 1571 in
1054 1486 1218 1572 Christo
1241 1488 1717 1606 peffeuae‚mini1neqne
1738 1524 1841 1580 con-

287 1656 315 1698 „
340 1611 464 1711 fusae,
493 1613 543 1695 ab
565 1612 628 1695 his
643 1671 658 1711 ,
676 1609 789 1693 velut
811 1608 861 1690 ab
884 1605 1089 1718 geminata
1109 1605 1271 1689 formali
1294 1608 1434 1707 causa,
1472 1608 1624 1720 duplex
1658 1613 1844 1701 Christus

288 1772 317 1815 n
342 1760 387 1815 ac
411 1730 598 1843 geminus
623 1722 1087 1835 dicitur,proxi1ndque
1111 1724 1230 1808 Deus
1254 1726 1440 1809 &homo
1464 1729 1738 1833 nominatur,
1761 1760 1846 1817 non

289 1890 317 1932 η
339 1878 470 1932 unum
493 1846 670 1957 aliquid,
702 1874 754 1929 ex
775 1842 933 1927 duobus
951 1844 1205 1942 conflatum,
1223 1844 1418 1943 tertium,
1439 1846 1529 1955 quia
1548 1848 1698 1933 nullam
1712 1852 1846 1957 hujus·

290 2010 319 2049 η
345 1966 458 2051 modi
479 1966 602 2049 habet
624 1964 664 2047 in
688 1964 727 2047 se
749 1960 959 2059 formam,
985 1963 1109 2070 aqua
1131 1961 1410 2046 denominatio
1430 1964 1511 2046 ista
1532 1960 1844 2073 proficiscaturt

290 2126 317 2167 υ
342 2085 397 2167 ita
421 2086 515 2169 cum
539 2082 657 2165 unica
679 2078 730 2164 fit
752 2081 793 2162 in
820 2078 971 2164 eodem
991 2076 1157 2163 Christo
1164 2078 1320 2189 sonna,
1340 2076 1381 2163 id
1404 2082 1460 2165 est
1480 2085 1731 2193 proprietas,
1755 2114 1846 2197 quae

288 2244 316 2285 n
341 2196 588 2313 hypostasrm
606 2199 705 2283 facit
726 2260 740 2300 ,
763 2198 958 2281 nimirum
983 2198 1018 2279 F
1022 2197 1150 2281 ilietas
1174 2196 1310 2281 divina
1327 2258 1341 2299 ,
1361 2200 1542 2308 quamvis
1564 2202 1700 2311 plur‘es
1718 2206 1758 2289 ei
1776 2232 1847 2289 na-

290 2362 318 2405 „
343 2341 445 2404 turae
459 2319 644 2435 subieltae
664 2316 741 2402 fint
756 2377 769 2417 ,
784 2318 911 2425 elque
928 2312 1443 2428 quodammodofirrmotae,
1459 2346 1541 2401 non
1556 2317 1629 2403 nifi
1642 2350 1721 2405 una
1736 2324 1846 2409 orie-

291 2480 319 2524 η
342 2460 411 2521 tur
431 2433 654 2550 hypostasrs
678 2465 724 2519 ac
745 2434 951 2534 Persona,
975 2462 1051 2518 nec
1070 2435 1145 2519 alia
1162 2436 1282 2543 quim
1296 2434 1463 2536 divina,
1485 2437 1564 2521 hoc
1588 2442 1644 2521 est
1665 2440 1751 2525 Dei
1774 2444 1808 2525 F
1812 2442 1849 2523 i,

292 2600 320 2640 n
337 2558 456 2657 lius,
482 2554 586 2640 adeo
604 2576 652 2639 ut
673 2553 974 2665 qualiscumque
998 2552 1170 2637 ’tandem
1202 2550 1422 2662 compositi
1448 2554 1557 2639 istius
1584 2560 1740 2642 oratoria
1768 2558 1850 2670 ipsa
1876 2552 1878 2561 ’

295 2719 323 2761 u
348 2671 399 2757 srt
412 2674 580 2783 duplex,
589 2671 720 2783 firrnro
736 2676 858 2771 verb,
876 2676 916 2753 ὅ(
940 2671 1051 2779 quod
1073 2698 1125 2755 ex
1143 2670 1227 2780 ipsa
1248 2671 1442 2781 sequitur,
1462 2702 1544 2775 non
1559 2672 1633 2757 nist
1648 2673 1858 2796 sttunum3⁵

296 2822 326 2876 n
352 2792 545 2899 Sequitur
568 2814 703 2875 autem
727 2786 949 2901 hypostasis
974 2792 1015 2871 a<
1047 2789 1245 2893 Persona,
1259 2786 1341 2873 five
1361 2790 1446 2873 Dei
1467 2792 1502 2875 F
1506 2792 1594 2874 ilius
1612 2850 1626 2891 ,
1645 2814 1850 2903 tamquam
1898 2804 1905 2819 '

298 2911 596 3019 mproprium,
620 2915 689 3009 &,
709 2930 755 2991 ut
773 2929 944 3007 vocant,
966 2906 1138 2992 formale
1159 2908 1262 2991 illius
1277 2905 1482 2993 effelium.
1506 2908 1642 3019 Quare
1662 2932 1750 2995 tum
1772 2942 1853 2997 una

296 3072 324 3113 υ
351 3026 505 3113 Christi
532 3030 589 3111 est
609 3024 866 3139 hypostafis,
902 3047 993 3108 tum
1022 3056 1070 3110 ea
1097 3026 1245 3109 meriti>
1277 3024 1413 3110 divina
1444 3027 1662 3131 censetur,
1694 3030 1850 3115 ratione
1942 3076 1949 3091 ·

297 3190 324 3231 n
351 3148 563 3231 dumtaxat
586 3144 837 3244 substantiae,
866 3144 1077 3253 quamvis,
1099 3141 1131 3227 fi
1153 3165 1337 3229 naturam
1364 3141 1623 3248 confideres,
1658 3148 1852 3259 appellari

299 3308 327 3349 υ
351 3266 477 3350 etiam
499 3266 674 3349 humana
697 3263 830 3371 possit

357 3384 456 3467 XII.
481 3380 586 3466 Sane
610 3382 710 3465 nihil
732 3382 875 3465 clarius
898 3380 980 3464 dici
994 3403 1158 3491 poterat
1170 3381 1221 3466 ad
1234 3380 1522 3492 explicandum
1541 3382 1651 3488 Lulli
1674 3412 1853 3495 concep·

299 3524 420 3601 tum,
445 3500 711 3610 &adipsum
734 3499 878 3584 eadem
905 3500 1042 3609 phrasi
1074 3500 1389 3610 exprimendum
1419 3530 1431 3594 ;
1468 3506 1510 3585 dt
1533 3503 1612 3586 hoc
1636 3499 1854 3588 confirmat
1975 3560 1989 3576 a

140 3714 145 3721 .
299 3620 491 3707 Petavius
513 3619 700 3719 ibidem,
723 3648 835 3702 num.
858 3646 900 3718 4.
925 3646 978 3701 ex
999 3619 1094 3703 trita
1116 3618 1388 3729 quorumdam
1409 3640 1597 3703 veterum
1610 3620 1850 3723 locutione,

300 3739 454 3851 scilicet
468 3738 578 3849 qubd
590 3740 630 3821 in
653 3738 723 3820 illo
745 3764 967 3825 naturarum
986 3738 1220 3845 copulatione
1234 3738 1562 3847 compofitioneque
1577 3738 1736 3843 Christi,
1754 3740 1856 3849 quod

297 3856 539 3969 prestantius
560 3857 612 3960 est
630 3853 1269 3967 previetffiidquoderatinftrius
1288 3854 1563 3941 &imbecillius
1580 3856 1619 3937 in
1631 3853 1745 3964 seque
1759 3861 1855 3965 qud-

301 3978 391 4059 dam
406 3974 516 4057 modo
529 3968 782 4083 transtuliffie:
806 3970 884 4080 qua
905 3972 1038 4056 senslts
1062 3972 1319 4083 expressione
1344 3969 1544 4055 indicatur
1561 3973 1728 4080 propria
1749 3973 1853 4057 ratio

299 4093 483 4201 lotrnae,
507 4091 593 4174 haec
617 4090 759 4189 enim,
784 4089 876 4199 quia
893 4090 1145 4199 praestantior
1164 4098 1205 4176 δι
1229 4091 1436 4189 nobilior,
1459 4087 1568 4173 adse
1591 4089 1715 4173 trahit
1732 4095 1774 4177 ὅ(
1805 4090 1855 4175 ad

303 4208 389 4297 elle
417 4212 532 4294 suum
554 4206 719 4293 deducit
739 4208 868 4307 illud,
892 4209 933 4291 in
958 4210 1073 4319 quod⁴
1090 4212 1172 4323 agit
1199 4241 1211 4302 ;
1235 4216 1276 4295 dc
1313 4209 1563 4320 proptereb,
1591 4209 1730 4293 saltem
1749 4230 1856 4293 tam-

300 4357 432 4439 quam
454 4325 586 4411 forma
608 4327 646 4410 se
670 4325 820 4427 habet,
843 4327 884 4408 in
907 4327 1020 4436 quod
1038 4332 1079 4412 in
1102 4331 1235 4441 aliquo
1255 4359 1338 4414 uno
1362 4330 1418 4413 est
1440 4328 1717 4437 praestantius,
1746 4326 1858 4413 &ad

305 4448 425 4531 illum
438 4443 745 4529 unumdeducit
765 4452 806 4529 tc
829 4445 980 4548 trahit,
1000 4446 1111 4557 quod
1130 4444 1202 4531 fibi
1220 4449 1384 4547 unitur,
1400 4446 1480 4555 qud
1497 4444 1620 4527 modd
1641 4444 1741 4529 dicit
1760 4446 1859 4530 Lul-

307 4566 372 4650 lus
395 4564 616 4651 Personam
637 4564 834 4648 Divinam
858 4562 909 4647 ad
931 4564 971 4650 se
994 4569 1153 4650 trahere
1175 4568 1497 4660 humanitatem,
1516 4569 1556 4647 dt
1577 4560 1767 4649 sefacere
1783 4566 1859 4649 ho·-
1970 4650 1975 4655 ,

304 4685 465 4768 -minem
486 4682 538 4767 de
562 4682 674 4792 ipsa:
698 4683 766 4766 cui
788 4682 1013 4797 consonant
1027 4684 1135 4794 apud
1154 4686 1368 4771 Petavium
1382 4678 1534 4764 ibidem
1553 4682 1667 4765 relati
1681 4682 1854 4795 Gregor.

311 4801 483 4885 Nazian.
508 4822 613 4885 orat.
643 4826 707 4908 37.
728 4800 898 4885 diceneo
911 4800 1050 4911 focius
1070 4804 1123 4910 est
1140 4804 1267 4902 unus,
1289 4807 1360 4901 ed,
1382 4800 1484 4909 quod
1494 4800 1631 4883 melius
1652 4802 1728 4907 est,
1743 4800 1859 4909 fitpe-

309 4946 453 5021 rante,
480 4900 675 5002 Andlbas
695 4917 866 5004 Creten.
897 4924 1012 5006 Orat·
1045 4918 1096 5006 de
1128 4915 1479 5031 transfiguratione
1499 4916 1627 5001 dicit:
1654 4912 1703 4995 ln
1725 4920 1859 4997 incon-

302 5036 398 5149 fitsa
428 5040 594 5120 unitione
613 5033 766 5147 foc‘lum
787 5037 886 5150 effe,
912 5064 953 5122 ut
973 5040 1074 5126 illud
1085 5039 1351 5147 pervinceret,
1382 5039 1484 5149 quod
1506 5036 1561 5141 est
1588 5031 1828 5114 excellentius
1848 5064 1859 5113 :

304 5148 382 5239 vel
391 5180 433 5239 ut
454 5157 578 5264 magis
586 5152 917 5267 proprilloqltor,
937 5160 1061 5241 extitit
1080 5155 1362 5264 inexplicabilis
1380 5154 1447 5238 illa
1471 5156 1508 5235 in
1531 5154 1653 5233 Deum
1673 5148 1860 5258 transfers·

314 5276 470 5379 matio,
492 5270 828 5385 Cyrillnblexan.
841 5274 959 5359 Diu.
977 5274 1028 5359 de
1049 5276 1181 5359 lucar.
1197 5276 1360 5360 ‘Natura
1376 5272 1498 5359 ‘Verbi
1510 5269 1777 5351 humanitatem
1792 5264 1858 5379 afl-
