5150 6667
648 707 1097 795 orssnnr.
1158 702 1212 797 u.
1275 702 1505 819 §.arn
1639 764 1655 799 0
1757 736 1834 835 203

130 848 136 857 ’
210 858 216 872 ’
292 896 317 937 ‚2
329 870 406 939 'tus
428 852 538 955 inter
556 826 667 961 quos'
685 853 708 933 i
728 846 956 963 Theologis
973 853 1234 935 enumeratur
1251 852 1477 959 praestantia
1498 852 1753 943 &subtilitas
1778 863 1862 947 in-.

289 1014 315 1053 n
340 972 484 1084 genii,
515 972 740 1082 quoniam,
768 964 875 1053 ficut
892 970 1010 1053 Deus
1029 969 1096 1051 sua
1119 968 1378 1079 providentii
1399 998 1490 1063 eam
1509 973 1840 1081 praedestinavit,

289 1132 315 1171 ι,
339 1112 394 1173 υτ,
409 1088 555 1175 melius
575 1090 654 1171 suae
670 1087 881 1174 vomtioni
902 1104 1212 1173 occurreremus
1240 1085 1291 1170 ad
1320 1088 1518 1193 majorem
1543 1092 1753 1203 gloriam,
1785 1097 1841 1197 ita

289 1246 317 1290 s
339 1210 465 1291 etiam
483 1230 530 1292 ut
547 1234 624 1317 per
645 1234 737 1291 eam
760 1206 959 1312 majorem
980 1203 1222 1290 haberemus
1242 1200 1456 1289 visionem.
1534 1200 1537 1208 ’

348 1324 511 1411 XLIII.
538 1326 598 1409 Et
617 1354 730 1408 num.
756 1347 852 1434 203.
878 1320 934 1407 stc
951 1324 1090 1411 scribit
1112 1323 1222 1409 idem
1240 1324 1432 1421 illustrius
1455 1342 1465 1407 t
1487 1354 1514 1394 a
1532 1324 1712 1436 Itaque,
1744 1330 1840 1414 etim

289 1484 318 1527 n
341 1471 485 1527 omnes
500 1442 862 1555 praedestinationis
881 1438 1049 1526 effeetus
1064 1440 1271 1549 pendeant
1284 1470 1338 1525 ex
1352 1426 1515 1529 'meritis
1534 1444 1708 1545 Christi,
1723 1467 1769 1529 ut
1782 1450 1843 1532 est*

260 1602 317 1651 ,η
340 1562 573 1647 communis
597 1559 1157 1673 Theologorum'Doiirina,
1181 1562 1363 1669 quamvis
1378 1559 1479 1645 vifio
1498 1562 1567 1645 sub
1586 1564 1660 1648 hac
1682 1565 1838 1651 ratione

287 1719 316 1760 η
340 1709 423 1764 non
446 1680 595 1768 habeat
613 1678 818 1765 rationem
839 1676 1079 1777 mercedis,
1107 1676 1368 1774 nihilominus
1391 1676 1517 1764 habet'
1535 1680 1736 1769 rationem
1761 1682 1839 1769 be*
1870 1782 1876 1795 Ι

229 1798 235 1807 ’
286 1834 314 1878 s
329 1793 477 1884 neficii
499 1796 615 1881 nobis
637 1796 778 1881 iDeo
798 1798 940 1889 collati
955 1824 1016 1880 ex
1038 1793 1190 1878 Christi
1216 1796 1401 1897 meritis,
1429 1826 1482 1881 ex
1498 1826 1579 1907 quo
1603 1794 1652 1883 fit
1673 1797 1840 1905 {uisio-

285 1954 314 1999 υ
338 1937 437 1999 nem
463 1915 557 1999 huic
581 1935 733 2003 naturae
752 1914 990 2025 praestantiae
1013 1911 1430 2022 correspondenteru,
1449 1944 1532 1999 non
1551 1915 1717 2026 praecisd
1742 1948 1838 2004 cor·

287 2072 316 2113 υ
341 2033 584 2140 respondere
608 2053 794 2133 naturae,
816 2053 864 2117 ut
879 2044 1029 2115 'natura
1049 2032 1109 2114 est
1128 2028 1322 2133 (videtur
1338 2032 1571 2116 ¹addendum
1584 2093 1598 2135 ‚
1608 2034 1682 2143 sed
1696 2038 1837 2147 aresi)

154 2164 162 2173 ’
287 2188 328 2235 ss,
341 2148 531 2237 divinitis
558 2148 777 2250 ordinata,
802 2167 850 2234 ut
877 2177 957 2261 per
987 2178 1079 2235 eam
1101 2148 1457 2288 supernaturaliter
1487 2152 1687 2236 elevatam
1709 2154 1839 2259 major

286 2307 313 2347 η
338 2268 572 2360 conferatur
590 2264 722 2361 vilius
747 2295 800 2351 ex
822 2296 904 2377 quo
923 2266 1090 2359 tandem
1104 2270 1259 2382 constat
1282 2288 1478 2376 quantum
1501 2268 1620 2354 distet
1641 2270 1839 2407 sentegia

286 2424 315 2469 n
330 2388 471 2475 nostra
491 2388 541 2473 ab
560 2414 701 2471 errore
719 2386 883 2472 illorum
904 2385 1234 2487 Haereticorum,
1260 2386 1434 2498 gratiam
1455 2388 1692 2500 negantium
1714 2420 1726 2480 ;
1755 2418 1839 2475 non

286 2542 313 2584 n
336 2505 450 2590 enim
472 2535 548 2591 nos
575 2503 1000 2619 negemus-gratiam,
1032 2501 1218 2587 sedtum
1240 2502 1370 2615 gratia
1396 2504 1590 2589 salvamus
1622 2526 1838 2600 naturams

285 2655 312 2703 a
337 2649 472 2734 neque
497 2624 609 2710 enim
634 2623 795 2737 gratia,
826 2642 896 2710 aut
917 2622 1049 2735 gloria
1067 2622 1234 2707 destruit
1255 2622 1468 2723 naturam,
1491 2622 1561 2708 sed
1582 2622 1720 2734 potius
1740 2652 1840 2735 per·
1970 2638 1980 2647 “
2019 2633 2031 2645 ’

173 2773 184 2797 ·
285 2778 313 2822 υ
339 2736 438 2834 ficit¹
452 2746 494 2828 ὅ(
519 2740 710 2859 extollits
736 2744 892 2826 constat
908 2740 1077 2841 etiam),
1108 2742 1246 2849 quim„
1259 2740 1478 2825 oscitanter
1502 2740 1652 2826 dixerit
1685 2743 1838 2855 Suarpz
1872 2784 1878 2797 ’

284 2894 319 2973 ,χ
339 2860 517 2942 nostram
531 2859 771 2942 sententiam
785 2857 864 2943 effe
886 2857 1098 2969 principiis
1117 2858 1237 2943 Fidei
1254 2884 1400 2968 parum
1418 2860 1664 2960 consonam,
1683 2858 1839 2943 etenim
1889 2900 1896 2919 ι

283 3014 312 3055 s,
339 2976 592 3085 Scripturas,
622 2974 832 3076 Concilia,
856 2980 899 3061 ἃ
924 2976 1064 3060 Patres
1091 2974 1222 3059 solum
1241 2974 1394 3061 docent
1423 2975 1643 3085 unicuique·
1665 2974 1849 3061 dandam.

285 3132 314 3174 ss
337 3092 638 3183 beatitudinem
659 3094 879 3179 secundum
901 3094 968 3177 sua
1000 3094 1181 3195 merita,
1209 3091 1312 3177 adeo
1344 3113 1499 3177 utnon
1529 3091 1649 3176 detur
1678 3094 1839 3209 tantiam
1960 3186 1964 3193 ¹

288 3249 318 3289 η
342 3233 517 3321 propter
537 3211 710 3313 merita,
736 3210 806 3295 sed
831 3213 953 3295 etiam
982 3240 1077 3295 cum
1105 3212 1376 3321 proportione
1401 3208 1451 3294 ad
1487 3211 1660 3310 merita,
1694 3215 1735 3295 dr
1756 3212 1837 3320 ‹ptri›

287 3367 316 3407 η
337 3329 497 3433 majora
520 3326 674 3413 suerint
690 3330 861 3429 merita,
886 3328 1086 3436 majorem
1113 3356 1275 3439 quoque
1306 3326 1485 3413 sunnam
1505 3327 1841 3421 beatitudinems

276 3484 314 3525 -n
340 3440 452 3555 quod
472 3445 589 3555 plane
617 3467 753 3531 totum
776 3448 970 3532 concedit
990 3448 1187 3532 sententia
1207 3450 1340 3533 nostra
1367 3460 1380 3539 ς’
1406 3476 1490 3532 non
1521 3469 1658 3531 tamen
1686 3446 1839 3531 docent
1905 3506 1915 3514 -

284 3602 312 3643 υ
337 3592 393 3647 ex
417 3564 509 3649 solis
532 3564 689 3650 meritis
710 3565 1059 3676 propriishabere
1084 3563 1195 3674 quod
1222 3562 1271 3651 fit
1295 3564 1450 3670 major,
1483 3566 1575 3676 quia
1593 3565 1681 3648 talis
1708 3565 1837 3671 majo-

286 3721 313 3763 „
337 3682 434 3767 ritas
448 3681 606 3767 attendi
623 3686 746 3770 etiam
764 3686 899 3793 potest
912 3680 966 3769 eir
978 3683 1134 3768 meritis
1150 3683 1325 3784 Christi,
1349 3690 1390 3767 ὅ(
1405 3710 1457 3768 ex
1471 3684 1555 3794 ipsa
1571 3704 1733 3783 natura,
1753 3688 1841 3767 non

286 3838 314 3881 ss
338 3799 507 3909 quidem
526 3799 633 3884 nude
657 3803 841 3912 sumpta,
874 3801 944 3885 sed
965 3821 1012 3886 ut
1033 3804 1091 3886 est
1110 3800 1302 3886 divinitus
1326 3800 1540 3909 ordinata,
1567 3823 1614 3899 ut
1641 3793 1717 3911 pe'r
1747 3828 1837 3907 eam
1915 3866 1918 3871 .

286 3943 314 3999 o
339 3919 694 4028 supernaturaliter
713 3919 912 4003 elevatam
931 3921 1064 4026 major
1083 3918 1317 4005 conferatur
1337 3917 1438 4004 visro
1458 3948 1469 4013 ς
1493 3920 1626 4029 itaque
1650 3918 1782 4005 etiam
1795 3918 1837 4001 in

288 4066 317 4117 o
341 4036 717 4137 sententianostra,
739 4036 950 4122 beatitudo
964 4040 1021 4123 est
1036 4065 1193 4123 merces
1215 4036 1539 4147 correspondens
1561 4036 1716 4121 meritis
1735 4041 1836 4144 pro-¹

288 4194 316 4235 υ
341 4154 439 4264 priis
458 4154 499 4237 in
522 4153 700 4255 adultis,
720 4159 762 4238 ἃ
777 4152 897 4238 datur
918 4157 1049 4263 major
1059 4156 1126 4239 vel
1147 4156 1283 4267 minor
1296 4183 1372 4266 pro
1392 4156 1548 4239 ratione
1565 4155 1806 4239 meritorum
1818 4184 1835 4253 -‚·

287 4312 315 4353 η
341 4270 443 4357 adeo
465 4280 617 4357 utnon
639 4272 760 4359 detur
781 4273 917 4359 minor
937 4302 1117 4385 unquam
1131 4277 1252 4385 quim
1266 4270 1319 4359 fitw
1334 4276 1580 4371 meritorum,
1597 4268 1836 4383 dispofitios

285 4430 316 4472 η
339 4417 425 4474 non
445 4411 583 4477 tamen
601 4392 762 4501 semper
781 4418 885 4502 opus
904 4395 961 4476 est
987 4414 1118 4476 totam
1143 4393 1293 4485 habere
1321 4392 1523 4477 rationem
1553 4390 1755 4477 mercedis
1793 4394 1836 4474 dc
1892 4442 1894 4447 ·
1985 4406 1988 4413 ’

288 4504 500 4620 sipraemii
531 4510 690 4621 proprii
725 4510 873 4593 laboris
909 4568 924 4608 ‚
960 4494 1173 4620 totamque
1201 4509 1519 4623 correspondere
1556 4496 1711 4593 meritis
1734 4522 1839 4618 pro·'

79 4691 80 4702 a
153 4728 160 4737 Ι
288 4666 317 4709 υ
338 4627 440 4737 priis
462 4623 492 4721 ξ
511 4656 617 4728 nam,
632 4627 855 4713 secundum
880 4627 1056 4737 aliquem
1076 4629 1248 4742 gradum
1283 4630 1416 4740 potest
1436 4630 1561 4739 etiarn
1596 4626 1837 4743 correspon-

288 4784 318 4826 κ
341 4742 439 4829 dere
461 4746 618 4831 meritis
641 4746 793 4831 Christi
811 4806 825 4847 ‚
852 4746 977 4831 etiam
996 4745 1218 4846 sicundtlm
1240 4746 1382 4849 illum,
1412 4746 1482 4857 qui
1506 4742 1657 4831 dicitur
1677 4744 1835 4831 corres-

290 4903 318 4943 η
341 4862 525 4973 pondere
547 4865 692 4971 majori
714 4865 1179 4967 admonuerimus,
1203 4872 1244 4951 &
1266 4862 1329 4979 stc⁸
1345 4860 1505 4975 semper
1517 4892 1661 4950 verum
1676 4864 1754 4948 erit
1772 4862 1835 4965 di-

289 5020 319 5063 ss
341 5009 435 5067 cere
464 4982 506 5065 in
527 4982 662 5092 aliquo
684 4983 797 5067 sensu
816 5041 829 5084 ,
862 4982 973 5094 quod
993 4984 1202 5069 beatitudo
1225 4984 1344 5068 datur
1369 5004 1541 5096 propter
1568 4983 1747 5080 merita,
1791 4983 1834 5061 tc

291 5138 318 5181 n
341 5126 438 5185 cum
458 5101 729 5216 proportione
750 5098 801 5210 ad
822 5101 994 5204 merita,
1020 5102 1096 5191 vel,
1103 5104 1271 5213 propria
1287 5102 1354 5187 vel
1376 5075 1526 5187 Christi
1548 5101 1665 5190 nobis
1684 5122 1834 5204 appro-

291 5256 319 5299 ι,
341 5219 501 5329 priata;
528 5240 648 5331 atque
673 5247 726 5305 ex
739 5218 815 5305 his·
832 5241 974 5331 patet,
1006 5249 1087 5332 quo
1112 5221 1227 5308 sensu
1248 5219 1521 5333 intelligendae
1539 5215 1617 5331 smt
1633 5210 1834 5329 rnaior'&

572 5535 738 5628 ‘a
