5150 6667
548 680 565 751 ,·
666 608 1112 765 uaesana.
1173 660 1546 778 111.u.11.-
1684 671 1688 680 ·
1805 696 1857 787 5,
1940 638 2022 747 ’,

317 860 347 908 n
371 808 612 913 substantia„
642 833 689 898 ut
711 810 815 921 saepd
833 812 914 917 jam
937 809 1138 908 diximus,
1166 805 1339 917 acsaepd
1360 808 1508 892 iterare
1536 836 1619 894 non
1647 814 1791 926 piget;
1815 842 1862 902 ac

318 976 345 1017 n
369 960 445 1044 per
458 934 538 1019 boc
554 930 680 1015 Filius
694 929 898 1013 charitatis
920 926 1006 1033 ejus
1023 926 1155 1011 nullus
1178 926 1233 1011 est
1247 926 1373 1027 alius,
1393 928 1514 1036 quum
1533 928 1602 1037 qui
1615 927 1665 1013 de
1685 932 1863 1019 substan-

319 1093 346 1137 υ
370 1052 428 1135 tia
450 1049 538 1157 ejus
558 1050 615 1133 est
636 1045 811 1160 genitus.
1444 1151 1448 1159 .
1813 1150 1818 1159 ι

376 1169 492 1251 XXI.
515 1168 566 1251 In
588 1166 667 1249 hoc
683 1161 887 1262 discursu,
908 1190 962 1247 ex
984 1190 1035 1247 eo
1054 1159 1089 1244 F
1095 1161 1103 1178 '
1125 1154 1181 1243 ‘ur
1200 1161 1332 1246 Patris
1345 1159 1500 1277 dicitur
1520 1162 1646 1249 Filius
1660 1164 1864 1277 charitatis

320 1286 433 1384 suae,
462 1285 555 1395 quia
576 1283 633 1367 est
651 1281 776 1365 Filius
791 1273 1013 1365 substantie
1041 1284 1084 1362 dc
1105 1301 1259 1363 naturae
1280 1279 1359 1397 suae
1381 1337 1396 1379 ,
1417 1279 1517 1390 cum,
1535 1281 1706 1365 charitas
1728 1278 1779 1365 fit
1800 1284 1865 1392 ip-

320 1402 450 1487 samet
463 1398 676 1484 substantia
692 1404 734 1483 &
758 1418 913 1498 natura,
935 1424 981 1481 ac
1000 1395 1173 1507 proinde
1192 1391 1319 1495 ,ficut
1340 1392 1463 1480 Pater
1481 1397 1635 1483 ratione
1658 1400 1737 1483 suae
1756 1400 1865 1483 subs·
1970 1470 1978 1487 .

323 1518 460 1602 tantiae
481 1516 694 1627 producit·
707 1514 858 1598 Filium
880 1510 978 1615 ,ita
998 1513 1155 1597 ratione
1183 1512 1261 1595 suae
1290 1513 1493 1597 charitatis
1524 1546 1536 1605 3
1573 1521 1615 1600 ἃ
1650 1512 1753 1601 ficut
1782 1517 1866 1626 ipsa
1956 1539 1958 1546 ’

322 1634 538 1744 productio
574 1636 631 1719 est
663 1636 772 1716 aduc
794 1628 1118 1741 correspondens
1149 1642 1302 1713 naturae
1329 1657 1376 1713 ac
1401 1631 1676 1733 substantiae,
1720 1635 1775 1717 ita
1809 1636 1867 1717 est

76 1726 77 1782 ³
192 1772 204 1789 ·
257 1758 264 1772 '
322 1754 431 1835 attus
470 1744 793 1861 correspondens
824 1748 1120 1845 charitati,ut
1155 1744 1327 1854 amplius
1354 1769 1467 1855 patet
1494 1778 1547 1833 ex
1574 1778 1663 1860 cap.
1697 1778 1763 1833 ιο.
1794 1750 1866 1834 ubi

323 1863 378 1954 fic
398 1868 538 1953 scribit
559 1868 616 1953 D.
640 1866 806 1979 August.
843 1906 869 1947 n
896 1864 1101 1975 Quocirca
1123 1861 1293 1947 ridenda
1321 1866 1378 1946 est
1404 1863 1610 1950 dialedlica
1639 1868 1866 1966 Eunomii,

322 2024 351 2065 n
377 1989 498 2094 aquo
515 1985 766 2069 ·Eunomiani
786 1983 970 2067 haeretici
998 1981 1131 2065 exorti
1159 1980 1281 2079 sunt,
1314 1980 1409 2088 qui,
1437 1984 1532 2066 cum
1563 2014 1646 2068 non
1673 1983 1867 2095 potuillet

326 2142 354 2183 ι,
379 2102 637 2214 intelligere,
669 2129 744 2185 nec
776 2098 947 2185 credere
981 2094 1210 2198 voluill'et,
1242 2096 1496 2214 rmigenitum
1531 2100 1616 2185 Dei
1644 2101 1867 2201 Verbum,

325 2258 354 2299 η
377 2248 453 2328 per
479 2218 589 2329 quod
608 2216 710 2303 satra
730 2220 822 2302 sunt
840 2218 1013 2318 omnia,
1045 2216 1197 2299 Filium
1214 2212 1402 2299 Dei'ess'e
1425 2218 1601 2319 natura,
1625 2218 1706 2301 hoe
1732 2220 1788 2301 est
1815 2216 1867 2301 de

324 2336 587 2420 „substantia
612 2335 743 2421 Patris
776 2334 998 2457 genitum:
1025 2360 1108 2447 non
1140 2352 1292 2416 naturae
1317 2331 1385 2415 vel
1419 2334 1639 2417 substantie
1674 2335 1753 2417 suae
1786 2330 1877 2431 five

323 2490 350 2533 υ
375 2450 553 2539 essentiae
572 2450 682 2537 dixit
703 2446 783 2537 else
805 2452 958 2536 Filium
977 2447 1090 2550 ‚sed
1111 2448 1266 2533 Filium
1295 2447 1514 2534 voluntatis
1540 2450 1656 2537 Dei:
1678 2450 1869 2535 acciden-

324 2608 352 2650 υ
377 2592 465 2654 tem
498 2570 654 2655 scilicet
687 2571 785 2654 Deo
823 2570 966 2653 volens
984 2558 1174 2651 'asserere
1214 2565 1513 2668 voluntatem,
1566 2572 1644 2679 qua
1682 2567 1870 2684 gigneret

325 2702 360 2766 ‚r
377 2688 557 2788 Filium,
573 2685 767 2772 videlicet
788 2684 882 2771 ideo
903 2684 996 2796 quia
1017 2710 1092 2768 nos
1114 2681 1264 2791 aliquid
1285 2682 1498 2792 aliquando
1520 2685 1735 2786 volumus,
1759 2682 1871 2800 quod

328 2840 356 2881 n
381 2824 497 2888 antea
518 2831 602 2887 non
622 2804 889 2904 volebamus,
912 2798 1023 2912 quasr
1044 2812 1127 2885 non
1149 2800 1432 2910 propter.ista‚
1455 2801 1655 2886 mutabilis
1669 2802 1870 2913 intelliga-

328 2956 356 2999 η
385 2938 454 3001 tur
474 2921 607 3002 nostra
623 2941 790 3033 natura,
816 2918 927 3027 quud
942 2915 1089 3020 absit,
1116 2938 1161 3004 ut
1181 2919 1223 3001 in
1245 2917 1343 3002 Deo
1363 2916 1443 3002 elle
1466 2918 1691 3002 credamus.
1720 2920 1870 3027 Neque

327 3073 355 3117 n
381 3034 493 3118 enim
510 3035 563 3118 ob
588 3033 696 3119 aliud
714 3035 908 3145 scriptum
928 3066 937 3114 :
960 3036 1099 3119 Multoe
1115 3038 1360 3146 cogitationer
1376 3037 1417 3117 in
1435 3036 1544 3118 corde
1562 3037 1660 3134 viri,
1679 3034 1869 3144 confilium

327 3190 356 3232 n
381 3176 503 3235 autem
524 3154 685 3235 Domini
712 3178 839 3236 munet
854 3155 893 3234 in
915 3152 1091 3237 aternani
1110 3185 1128 3253 ,·
1160 3146 1233 3234 nisr
1256 3170 1303 3233 ut
1320 3150 1587 3261 intelligamus
1617 3148 1698 3233 five
1720 3150 1870 3235 ,creda-

328 3308 358 3350 κ
383 3298 502 3369 mus,
532 3264 858 3353 ficut'aetemum
877 3268 1046 3369 Deum,
1075 3268 1131 3352 ita
1148 3282 1346 3385 aeternrun'
1370 3267 1455 3372 ejus
1479 3263 1558 3353 elle
1582 3263 1869 3367 confilium,ac

331 3425 360 3466 n
382 3413 461 3494 per
476 3384 555 3466 huc
574 3384 849 3485 immutabile,
868 3381 1066 3495 sicutipse
1086 3387 1155 3470 est.
1178 3383 1305 3495 Quod
1318 3405 1454 3469 autem
1469 3383 1519 3469 de
1535 3384 1871 3497 cogitationibus,

328 3540 356 3583 n
380 3502 461 3585 hoc
484 3500 608 3584 etiarn
630 3500 680 3585 de
701 3502 977 3587 voluntatibus
997 3502 1198 3587 verisfime
1214 3498 1296 3587 dici
1315 3504 1473 3611 potest:
1493 3503 1628 3585 multae
1641 3504 1872 3611 voluntates

326 3659 355 3701 n
379 3619 421 3701 in
443 3614 568 3703 corde
588 3619 666 3701 viri
679 3678 692 3719 ,
705 3621 902 3705 ‘voluntas
921 3638 1072 3730 ,autem
1101 3618 1277 3705 Domini
1297 3641 1434 3705 manet
1460 3621 1501 3702 in
1531 3640 1740 3733 arternum.
1765 3619 1871 3728 Qui-

328 3775 356 3816 n
381 3734 511 3835 dam,
538 3762 590 3820 ne
619 3737 653 3819 F
656 3735 770 3820 ilium
792 3730 950 3821 confilii
965 3737 1034 3823 vel
1045 3738 1264 3823 voluntatis
1285 3736 1371 3821 Dei
1398 3736 1580 3821 dicerent
1601 3730 1871 3850 Unigenitum

329 3892 357 3935 n
379 3852 568 3939 Verbum
585 3911 609 3952 ,,
622 3852 754 3963 ipsum
781 3850 995 3938 confilium
1023 3850 1094 3939 leb
1120 3855 1374 3939 voluntatem
1400 3852 1530 3938 Patris
1553 3852 1664 3937 idem
1686 3854 1872 3937 Verbum

332 4010 359 4053 n
385 3967 464 4055 effe
486 3967 689 4055 dixerunt.
724 3969 808 4055 Sed
827 3970 1000 4071 melida,
1019 3970 1217 4081 'quantum
1243 3972 1425 4059 existimo
1447 4031 1462 4070 ,
1494 3968 1642 4054 dicitur
1658 3965 1872 4053 confilium

333 4126 361 4167 n
385 4086 436 4171 de
455 4082 650 4189 confilio,
678 4092 721 4173 &
739 4088 925 4171 voluntas
948 4086 999 4172 de
1020 4087 1256 4180 voluntate;
1276 4085 1380 4171 ficut
1401 4088 1611 4171 substantia
1624 4087 1674 4170 de
1695 4086 1872 4172 substan-

334 4242 363 4285 „
386 4204 470 4304 tia,
487 4203 683 4313 sapientia
692 4203 745 4287 de
767 4205 990 4314 sapientia,
1012 4234 1064 4291 ne
1087 4205 1329 4292 absurditate
1355 4204 1701 4314 illa,qua1n5·am
1722 4199 1873 4287 refelli·

333 4360 364 4403 n
386 4348 476 4405 mus
494 4379 507 4421 ,
530 4320 657 4407 Filius
673 4320 828 4405 dicatur
844 4322 1009 4407 Patrem
1022 4320 1155 4407 facere
1174 4316 1396 4434 sapientem
1408 4321 1474 4405 vel
1493 4321 1701 4406 volentem
1713 4317 1774 4421 ,fi
1790 4347 1873 4403 non

333 4477 361 4520 n
385 4438 508 4523 habet
522 4536 524 4544 Ι
538 4438 662 4523 Pater
690 4438 732 4520 in
759 4439 1059 4525 substantia'sua
1084 4437 1297 4525 confilium
1315 4440 1382 4524 vel
1401 4438 1655 4523 voluntatem
1668 4480 1710 4519 η.
1754 4435 1873 4521 Idem

334 4554 379 4639 S.
402 4554 450 4637 P.
480 4554 626 4639 eodem
645 4554 714 4639 lib.
736 4580 799 4665 15.
814 4584 903 4666 cap.
928 4586 967 4667 7.
988 4556 1200 4643 ostendens
1213 4617 1228 4658 ,
1243 4557 1414 4669 qualiter
1429 4565 1677 4667 unaqbaeque
1698 4554 1875 4640 Persona

332 4674 392 4783 est
413 4674 639 4773 memoria,
661 4672 928 4787 intelligentia
949 4733 963 4775 ,
987 4680 1029 4759 ὅ(
1052 4673 1239 4775 dsseuio,
1262 4676 1319 4759 ait
1339 4673 1390 4759 de
1411 4672 1517 4757 Filio
1541 4706 1551 4755 ε
1585 4676 1666 4757 Sua
1699 4674 1796 4756 enirn
1817 4670 1876 4779 ³0ss

335 4784 379 4872 ἃ
400 4789 475 4898 ipse
493 4791 666 4873 memoria
688 4850 702 4890 ,
714 4788 788 4901 fita
806 4790 1055 4899 intelligentia
1073 4791 1175 4902 ,suu
1197 4792 1348 4877 dilec‘lio
1365 4825 1384 4895 ;
1396 4788 1470 4901 sed
1487 4794 1542 4874 itu
1563 4788 1794 4901 scitabere,
1826 4787 1874 4871 de

259 4960 266 4972 ·
334 4905 450 4989 Putre
467 4907 529 4989 illi
549 4908 697 5015 e]l,de
713 4937 786 5019 quo
807 4934 921 4993 nunu
941 4909 1005 5016 est.
1118 4922 1135 4963 ⁸
1403 4938 1407 4945 ·
1452 4918 1458 4931 '
1504 4930 1519 4938 ··
1844 4912 1864 4967 f

394 5024 532 5107 XXII.
556 5022 669 5110 Cbm
690 5025 822 5134 itaque
845 5026 960 5131 juxta
978 5024 1142 5139 August.
1165 5026 1294 5111 Filius
1310 5021 1360 5111 srt
1380 5026 1566 5111 voluntas
1580 5024 1631 5111 de
1645 5026 1852 5110 voluntate

336 5132 441 5247 ficut
460 5143 520 5255 est
542 5141 753 5245 substantia
774 5139 825 5227 de
843 5142 1081 5245 substantia,
1103 5149 1146 5228 ἃ
1164 5144 1355 5253 sapientia
1377 5142 1427 5227 de
1449 5145 1669 5253 sapientia,
1691 5124 1874 5249 proteat
1968 5168 1996 5180 ·‘

338 5254 460 5345 Pater
473 5243 607 5370 dique
634 5262 721 5347 actu
735 5257 1077 5371 correspondente
1095 5260 1295 5349 voluntati
1315 5260 1447 5373 ipsum
1458 5258 1651 5371 producit
1667 5253 1876 5387 uolentem

1620 5370 1731 5477 Hrj⁸
1907 5486 1911 5491 Δ
