5150 6667
714 610 1165 709 DISSERTL
1206 608 1260 705 ΙῘ.
1297 614 1362 732 §.
1421 614 1530 708 IV.
1812 625 1898 733 259

333 756 383 851 3·
398 761 510 879 quod
523 759 720 877 scriptura
741 764 953 874 perhibet,
973 752 1111 849 dicens
1131 795 1140 844 :
1157 762 1258 875 Quis
1278 762 1330 869 est
1345 764 1407 843 bic
1426 822 1439 863 ‚
1460 759 1758 847 &laudabimus
1774 766 1898 846 eum?

337 924 373 969 n
394 884 516 969 Unde
541 884 596 967 itu
618 874 877 967 laudandus?
900 884 1008 970 Fecit
1028 870 1125 964 euim
1153 880 1344 965 mirabilia
1375 884 1416 963 in
1445 875 1523 963 vita
1553 876 1641 990 fito.
1663 878 1793 990 Quael
1812 881 1895 991 Qui

339 1042 373 1086 υ
391 1003 515 1110 potuit
535 1000 767 1111 transgredi,
790 1001 946 1109 inquit,
971 999 1011 1085 ἂ
1049 1030 1124 1083 non
1156 1000 1208 1107 est
1237 996 1481 1112 transgrcffus
1504 1058 1517 1097 ,
1538 998 1671 1108 fucere
1700 1000 1803 1081 mulo
1820 996 1896 1100 ,δ’

340 1161 373 1204 υ
397 1150 472 1207 non
481 1118 590 1231 fecit.
613 1122 735 1203 Hunc
751 1146 850 1232 ergo
868 1120 1071 1203 honorem
1086 1114 1261 1229 quandiu
1280 1117 1426 1226 absque
1450 1136 1621 1225 peccato
1642 1114 1744 1217 fuit,
1764 1118 1897 1203 serva-

285 1254 293 1273 ·
342 1280 376 1325 ²2
398 1240 457 1323 vit
477 1266 490 1328 3
513 1234 666 1337 amisit,
690 1239 786 1325 cbm
808 1238 1006 1346 peccavit.
1030 1236 1224 1321 Peccavit
1247 1256 1412 1335 autem,
1432 1233 1524 1344 quia
1539 1232 1716 1319 liberum
1738 1235 1776 1320 ei
1797 1234 1897 1329 suits

337 1396 375 1439 υ
397 1384 475 1442 nec
508 1349 668 1446 aliunde
701 1353 886 1466 profedb
917 1357 1119 1456 liberum,
1139 1350 1212 1437 nifi
1240 1382 1294 1437 ex
1317 1348 1504 1437 libertate
1533 1351 1720 1453 arbitrii,
1741 1347 1791 1438 de
1821 1380 1900 1462 qua

344 1515 376 1558 η
400 1474 538 1583 utique
558 1474 688 1559 inerat
706 1475 746 1558 ei
759 1473 994 1583 poffibilitas
1013 1469 1225 1581 peccandi.
1259 1472 1353 1555 Nec
1368 1492 1505 1554 tamen
1519 1469 1596 1553 fuit
1609 1471 1729 1580 culpa
1741 1469 1898 1573 dantis,

345 1633 375 1675 ι,
400 1590 470 1677 sed
492 1591 725 1691 abutentis,
750 1592 818 1701 qui
841 1592 968 1702 ipsam
1011 1590 1205 1675 videlicet
1225 1586 1460 1674 facultatem
1487 1589 1692 1679 convertit
1718 1588 1765 1682 in
1781 1591 1898 1673 usum

282 1762 288 1776 »
344 1750 375 1795 n
399 1700 622 1820 peccandi,
637 1737 757 1819 quarn
776 1728 990 1818 acceperat
1009 1706 1060 1793 ad
1073 1707 1244 1820 gloriam
1259 1736 1341 1790 non
1357 1705 1566 1817 peccandi.
1583 1709 1694 1790 Nam
1707 1704 1779 1791 etsi
1800 1736 1918 1818 pecs

346 1868 375 1913 υ
402 1827 510 1911 cavit
531 1856 583 1912 ex
607 1824 747 1937 polle,
784 1826 896 1937 quod
927 1824 1087 1935 accepit
1109 1885 1122 1925 ,
1142 1854 1225 1908 non
1248 1844 1385 1909 tamen
1414 1826 1505 1934 quia
1527 1826 1691 1936 potuit,
1714 1823 1784 1911 sed
1806 1826 1899 1936 quia

349 1950 378 2029 'n
400 1944 545 2029 'voluit
566 1946 657 2029 Nec
681 1945 1095 2057 enimpraevaricante
1120 1941 1282 2026 diabolb
1305 1942 1528 2057 &Angelis
1552 1943 1666 2050 ejus,
1686 1943 1809 2027 etiam
1832 1943 1899 2028 alii

348 2106 378 2147 n
402 2064 653 2173 praevaricati
683 2064 774 2147 sunt
792 2124 805 2164 ,
826 2090 909 2149 non
939 2062 1031 2173 quia
1058 2090 1142 2145 non
1174 2082 1425 2171 potuerunt,
1449 2058 1519 2145 sed
1550 2063 1643 2173 quia
1665 2062 1896 2146 noluerunt.

347 2223 375 2265 η
402 2181 615 2267 Peccantis
647 2182 770 2295 igitur
789 2182 942 2292 lapsus,
958 2210 1042 2265 non
1057 2178 1167 2264 dono
1191 2178 1475 2265 adscribendus·
1498 2182 1554 2265 est
1571 2179 1778 2291 potestatis
1797 2240 1811 2282 ‚
1829 2179 1900 2267 sed

345 2342 375 2383 n
398 2300 499 2385 vitio
518 2302 754 2385 voluntatis.
770 2342 796 2381 η
1519 2300 1522 2305 ’

283 2512 286 2517 ,
408 2419 625 2506 XXXVII.
658 2418 893 2529 Expressilts
923 2414 1031 2503 forte
1061 2416 1324 2528 loquituer.
1347 2415 1511 2531 August.
1539 2418 1608 2500 lib.
1645 2448 1683 2501 2.
1708 2417 1758 2503 de
1783 2418 1899 2505 liber.

341 2536 467 2621 arbit.
485 2564 575 2647 cap.
599 2566 633 2619 1.
648 2567 760 2623 num.
781 2564 818 2647 3.
835 2536 1000 2623 dicens:
1023 2566 1048 2605 ιι
1062 2534 1187 2619 Pland
1211 2532 1242 2618 fi
1261 2536 1349 2620 haec
1364 2536 1420 2618 ita
1446 2536 1564 2636 sunt,
1586 2536 1715 2619 soluta
1738 2539 1900 2647 quaestio

343 2696 378 2735 a,
403 2652 1092 2767 est‚quamproposuisti3s1enim
1118 2656 1244 2738 homo
1272 2651 1438 2763 aliquod
1466 2654 1622 2753 bonum
1643 2656 1725 2757 est,
1744 2661 1786 2739 bc
1814 2686 1899 2747 non
1980 2730 1994 2755 .,

352 2812 380 2855 22
404 2771 568 2882 pollet,
591 2770 663 2857 nisi
683 2834 696 2874 ,
718 2776 814 2865 clun
831 2774 984 2873 vellet,
1003 2771 1109 2858 rede
1128 2772 1292 2871 facere,
1311 2772 1453 2856 debuit
1466 2772 1614 2857 habere
1637 2766 1807 2856 liberam
1828 2804 1902 2858 vo-
1952 2786 1960 2801 '
2009 2790 2015 2801 ·
2114 2792 2119 2801 ·

349 2930 379 2973 n
404 2892 623 2992 luntatem,
634 2886 716 2977 sine
734 2920 814 3003 qua
828 2892 935 2977 telle
955 2888 1090 2977 facere
1111 2920 1193 2975 non
1207 2886 1353 3001 pollet.
1368 2892 1460 2972 Non
1474 2893 1572 2973 enim
1583 2949 1597 2990 ,
1610 2894 1699 3001 quia
1708 2921 1778 2998 per
1793 2887 1901 2975 illum
1980 2887 1990 2902 ⁴

341 3049 378 3091 ar
404 3012 740 3117 etiampeccamr,
772 3011 828 3094 ud
846 3014 916 3093 boc
936 3038 1020 3093 eum
1044 3011 1167 3092 Deum
1188 3008 1326 3123 dedrffe
1338 3008 1561 3090 credendum
1583 3008 1646 3115 est.
1671 3009 1776 3092 Satis
1801 3039 1902 3124 ergo
2000 3014 2003 3021 ’

348 3167 380 3207 υ
406 3128 530 3211 causae
554 3129 642 3225 est,
665 3154 737 3211 cur
751 3127 837 3210 dari
854 3126 1073 3227 debuerit,
1101 3129 1294 3236 quoniam
1308 3123 1404 3210 ‘sme
1436 3125 1504 3208 illa
1526 3126 1657 3209 homo
1689 3126 1796 3211 rede
1818 3160 1903 3232 nou

353 3284 383 3323 υ
399 3246 535 3357 potest
549 3244 700 3327 vivere.
724 3245 797 3327 Ad
816 3247 885 3327 boc
908 3270 1031 3329 autem
1054 3246 1212 3347 datum,
1233 3246 1302 3330 ‘vel
1323 3245 1416 3348 hinc
1436 3241 1609 3364 intelligi
1630 3248 1793 3352 potest,
1813 3250 1905 3357 quia
1985 3242 1997 3271 ¹

352 3401 382 3443 n
408 3356 437 3443 fi
462 3364 549 3471 quis
562 3388 609 3445 ea
626 3362 718 3443 usus
732 3360 858 3446 fuerit
877 3359 927 3445 ad
948 3359 1237 3471 peccandum,
1263 3356 1516 3446 diuinitbs'iri
1538 3390 1635 3447 eum
1655 3361 1904 3453 vindicaturi

340 3519 381 3561 -υ
404 3480 524 3589 Quod
541 3478 675 3585 injustd
685 3479 800 3587 fieret
818 3539 831 3580 ,
843 3478 883 3589 fi
899 3511 975 3562 non
988 3478 1113 3589 filum
1138 3506 1178 3563 ut
1196 3485 1295 3565 redd
1318 3483 1504 3565 viveretur
1517 3540 1530 3581 ‚
1543 3479 1619 3591 ¹sed
1633 3484 1744 3566 etium
1757 3481 1908 3597 *urslec-
1984 3506 1990 3519 “

351 3636 382 3679 22
406 3622 557 3681 caretur
575 3598 693 3680 libera
715 3599 802 3711 effer
823 3598 999 3681 voluntas
1017 3600 1124 3681 duta.
1142 3596 1369 3709 Quomodo
1388 3600 1497 3684 enim
1519 3598 1616 3705 justi
1634 3600 1908 3691 vindicaretur
1966 3614 1973 3627 ’

337 3754 381 3797 -v
408 3714 448 3799 iu
469 3744 594 3814 eum,
616 3714 757 3824 qui-ad
778 3716 880 3799 hanc
900 3744 989 3801 rem
1009 3718 1099 3801 usus
1119 3714 1220 3804 ellet
1236 3719 1445 3805 voluntate
1460 3779 1474 3820 ,
1489 3717 1540 3802 ad
1562 3746 1681 3829 quam
1705 3750 1794 3803 rem
1813 3724 1909 3810 data

355 3877 382 3920 n
407 3831 492 3919 estl
517 3836 641 3916 Nunc
657 3835 764 3915 verb
780 3832 897 3917 Deus
920 3894 934 3935 ‚
959 3835 1053 3919 clun
1084 3859 1327 3947 peccantem
1351 3840 1501 3948 punit,
1526 3834 1623 3946 quid
1649 3837 1814 3923 videtur
1832 3842 1909 3929 tibi

354 3994 383 4034 v
405 3949 518 4035 aliud
537 3950 700 4051 dicere,
719 3946 918 4053 nis1‚'·cur
939 3982 1022 4053 uon·
1039 3952 1093 4037 ad
1118 3944 1318 4042 eamlrem
1342 3959 1433 4039 usus
1457 3985 1499 4041 es
1521 3955 1651 4040 liberd
1666 3956 1909 4063 voluntate,

356 4096 385 4152 a
410 4066 462 4151 ad
481 4094 602 4177 quam
618 4069 695 4152 tibi
713 4096 805 4153 eam
820 4068 938 4171 dedi,
954 4072 1033 4156 hoc
1058 4076 1114 4158 est
1133 4074 1184 4158 ad
1198 4074 1304 4159 reue
1323 4072 1594 4160 faciendum?
1617 4074 1794 4166 Deinde
1810 4077 1911 4172 illud

358 4228 387 4269 v
410 4186 599 4285 bonum,
628 4186 710 4297 qub
739 4188 1056 4273 commendatur
1087 4194 1170 4303 ipsa
1198 4193 1343 4300 justitia
1365 4197 1406 4276 in
1436 4192 1673 4281 damnandis
1704 4197 1920 4303 peccatis,

359 4346 388 4387 v
413 4302 726 4414 restdquefatlis
745 4306 1021 4412 honorandis,
1046 4309 1254 4421 quomodo
1269 4308 1448 4413 etsemfi‘
1463 4307 1913 4404 homo'careretlibero

335 4464 385 4505 t„
410 4422 579 4507 arbitrio
598 4422 614 4505 l
731 4484 741 4505 .
764 4424 927 4511 Debuit
947 4429 1071 4540 igitur
1093 4432 1210 4515 Deus
1235 4430 1328 4516 dare
1352 4432 1508 4518 homini
1528 4434 1698 4517 liberam
1727 4434 1913 4522 volunta-

356 4582 386 4623 „
410 4562 509 4625 tem.
529 4583 555 4621 η
582 4540 695 4627 Cbm
711 4543 846 4653 itaque
859 4542 978 4631 Deus
998 4548 1173 4633 liberum
1191 4550 1404 4635 arbitrium
1423 4580 1506 4637 uon
1520 4550 1679 4636 dederit
1696 4552 1839 4637 animae
1861 4552 1914 4641 ad

353 4656 635 4771 peccandum,
651 4658 719 4744 sed
742 4661 794 4745 ad
821 4662 927 4749 rebe
967 4664 1325 4777 vivendum‚'quia
1351 4670 1484 4753 anima
1515 4671 1566 4755 eo
1582 4671 1731 4779 ‘ipsum'
1748 4672 1912 4779 babet,
1993 4765 1996 4775 ,

335 4804 443 4888 ·quo
457 4776 595 4862 datum
612 4782 670 4864 est
688 4774 790 4888 ipfi,
814 4778 907 4864 ideo
927 4782 1150 4870 non-habet
1172 4786 1347 4871 liberum
1360 4786 1604 4889 arbitrium,
1627 4787 1917 4897 aeque‘adbo-

339 4893 593 5105 'niliffld
612 4898 818 5107 mazenis]
839 4896 909 4984 sed
926 4898 1178 5017 litttplicitet*x
1202 4904 1253 4992 ad
1287 4907 1463 5012 bonum,
1489 4905 1590 5009 licet
1614 4904 1665 4993 ad
1686 4926 1909 5024 utrumque

358 5038 389 5127 p
555 5036 664 5107 atem
711 5044 733 5105 a
762 5034 841 5105 eat·
1842 5033 1848 5051 ‘

1385 5083 1387 5090 ’
1521 5088 1735 5251 *uun
1872 5163 1974 5196 ··
