5150 6667
671 574 684 599 ⁹
764 634 866 756 ‚28⁶
927 620 1549 724 vtuntctunn.
1604 620 2193 742 nonunnmtr.
2290 607 2301 615 ’

784 805 880 863 vere
905 775 1075 877 tunde,
1107 776 1202 861 edm
1229 774 1414 861 Eremita
1444 802 1540 861 eum
1564 767 1742 885 rogasset
1759 831 1772 872 ,
1789 796 1832 855 ut
1850 769 1981 862 videas
2000 764 2209 878 fecundbm
2232 794 2339 855 ruam
2458 810 2462 816 ⁴

784 921 929 995 artem,
951 924 1003 976 an
1026 895 1071 976 de
1086 892 1173 1005 ipfis
1186 896 1287 999 ‚misi
1301 893 1427 1009 poffes
1445 892 1630 1000 ostendere
1652 888 1893 1005 neceffltricm
1912 888 2134 988 veritatem,
2153 915 2266 973 num.
2290 920 2355 1005 4⁰.

784 1014 840 1099 ita
862 1012 996 1098 eidem
1018 1004 1227 1123 respondit
1240 1012 1384 1097 Lullus
1407 1043 1418 1094 t
1438 1010 1514 1095 Aa
1526 1013 1702 1093 honorem
1724 1009 1823 1109 Dei,
1839 1004 1879 1094 ἃ
1896 1036 1946 1090 ex
1966 1006 2090 1089 debito
2107 1009 2335 1109 charitatis,

786 1162 869 1243 qun
890 1133 1000 1214 nobis
1017 1132 1192 1215 omnibus
1212 1129 1478 1245 estncceffuria
1493 1130 1549 1211 ad
1559 1126 1863 1239 srrlutem,cttpio
1884 1126 1953 1210 tibi
1969 1125 2010 1208 in
2024 1128 2097 1208 tac
2112 1150 2225 1235 parre
2245 1129 2340 1210 obe-

785 1250 886 1349 dire,
902 1246 943 1333 dr
950 1246 1066 1353 juxta
1084 1278 1204 1332 meum
1217 1248 1322 1362 poffe
1339 1279 1423 1331 cum
1440 1247 1588 1330 auxilio
1605 1247 1683 1327 Dei
1692 1274 1766 1353 per
1806 1243 2002 1329 sedidem
2014 1267 2133 1328 artem
2153 1245 2339 1357 inquirere

788 1370 979 1451 veritatem
1014 1367 1060 1449 de
1079 1364 1314 1476 fitpradicsis
1340 1365 1617 1477 questionibus.
1654 1275 1806 1447 Postei
1825 1358 2048 1473 requistus
2074 1363 2122 1447 ab
2154 1363 2356 1477 Eremita·

669 1526 675 1539 ·
788 1505 1000 1571 enumerat
1017 1484 1095 1567 suae
1114 1485 1209 1567 artis
1232 1483 1460 1594 principia,
1484 1480 1744 1593 &subjungit
1767 1512 1777 1562 ε
1799 1482 1876 1564 Per
1891 1480 2338 1593 isiaododecimprinci·

781 1606 851 1712 piu
861 1600 1056 1714 generalia
1076 1599 1261 1712 miscendo
1284 1632 1398 1685 unum
1416 1603 1646 1712 principium
1667 1630 1749 1684 cum
1768 1598 1874 1700 alio,
1898 1594 2171 1709 &recipiendo
2185 1600 2342 1713 fignisi

789 1726 973 1805 curionem
994 1718 1099 1803 illius
1122 1721 1319 1803 mixtionis
1340 1721 1398 1805 ad
1407 1721 1635 1832 propofirum
1647 1778 1661 1823 ,
1669 1716 1772 1831 ficut
1792 1719 1831 1801 in
1855 1716 1925 1801 illa
1946 1740 2028 1801 arte
2042 1718 2198 1826 penitus
2218 1719 2345 1805 tradi·

787 1864 877 1939 rur,
900 1861 1090 1922 invenitur
1112 1864 1250 1947 vertras
1271 1870 1355 1950 quae
1375 1866 1567 1950 quoertrur.

848 1957 924 2042 VI.
956 1956 1111 2039 Mirum
1120 1954 1209 2041 sane
1230 1960 1286 2042 est
1302 1956 1434 2067 qubd,
1453 1959 1550 2042 clim
1566 1954 1710 2041 Lullus
1728 1952 1832 2039 adeo
1846 1950 1985 2065 aperte
2006 1952 2344 2068 distinguatinter

793 2074 903 2157 suam
920 2093 1051 2159 artem
1090 2074 1254 2185 ejusque
1291 2073 1533 2160 methodum
1556 2133 1570 2177 ,
1615 2102 1661 2159 ac
1680 2071 1970 2158 deduuionem
1992 2071 2062 2159 seu
2082 2072 2343 2177 doctrinam,
2394 2124 2399 2135 ·

793 2220 882 2303 quae
904 2222 957 2278 ex
970 2192 1054 2302 ipsa
1074 2190 1291 2278 deducitur
1312 2254 1327 2296 ,
1346 2215 1566 2306 utrumque
1583 2212 1721 2276 tamen
1748 2191 1815 2276 hic
1838 2190 1974 2276 Autor
1987 2188 2249 2285 confuderit;
2267 2220 2344 2279 nec

791 2309 1096 2395 calumniandus
1119 2314 1176 2396 est
1199 2312 1341 2397 Lullus
1365 2342 1418 2397 ex
1440 2342 1520 2415 eo,
1543 2309 1654 2424 qubd
1668 2338 1720 2396 ex
1735 2309 1839 2399 diua
1861 2330 1946 2396 arte
1961 2310 2032 2395 sub
2052 2310 2236 2425 ejusdem
2258 2339 2346 2397 me-

790 2427 921 2512 thodo
943 2430 1244 2539 praesumpserit
1277 2432 1553 2545 Theologicas
1589 2429 1743 2515 solvere
1770 2430 2042 2541 quaestiones,
2073 2424 2179 2516 ficut
2209 2459 2341 2541 neque

792 2542 891 2629 alius
908 2547 1036 2656 quivis
1056 2550 1112 2633 est
1136 2547 1283 2661 dignus
1304 2551 1425 2653 nota,
1445 2551 1514 2661 qui
1532 2569 1657 2661 prout
1682 2548 1802 2631 variae
1826 2548 1919 2631 sunt
1936 2546 2166 2635 adinventae
2189 2547 2346 2634 discur-

790 2663 909 2748 rendi
929 2665 1134 2767 methodi,
1148 2666 1264 2773 juxta
1283 2696 1404 2779 quam
1426 2664 1647 2778 profitetur
1660 2665 1701 2750 in
1718 2666 1951 2780 Theologia
1964 2664 2161 2778 discurrat
2176 2666 2345 2777 :Unde,

793 2784 889 2867 edm
911 2780 962 2869 de
983 2806 1067 2870 arte
1087 2785 1154 2869 sua
1173 2786 1361 2898 expresse
1386 2779 1516 2889 dicat,
1550 2816 1641 2871 eam
1659 2782 1837 2870 habuisse
1856 2786 1880 2867 b
1902 2785 2001 2870 Deo
2023 2782 2347 2871 con'tradistindd

656 2964 673 2998 ,
793 2902 815 2983 b
838 2899 1047 3002 doctrina,
1065 2902 1166 3003 licet
1190 2906 1230 2988 in
1256 2905 1325 2990 ista
1349 2902 1478 2991 essent
1500 2905 1622 3016 aliqui
1645 2932 1804 2989 errores
1828 2962 1842 3003 ,
1867 2901 1967 2987 dum
1983 2933 2067 2990 non
2086 2900 2165 2989 smt
2191 2902 2232 2987 in
2254 2904 2368 3017 illa„

790 3036 917 3129 prout
931 3019 982 3105 de
1001 3018 1106 3106 fatto
1131 3052 1212 3106 non
1236 3026 1360 3127 sunt,
1385 3025 1593 3135 immeritb
1617 3022 1800 3107 Censura
1818 3020 2042 3136 infligitur,
2057 3053 2110 3108 ex
2125 3023 2349 3133 equivoca-

792 3138 909 3223 tione
952 3138 1220 3248 supponendo
1254 3142 1386 3253 ipsum
1413 3139 1555 3227 dixisse
1587 3143 1627 3226 se
1649 3141 1751 3233 hanc
1775 3140 2103 3251 praesentis-libri
2123 3140 2351 3230 dodrinam
2484 3191 2485 3194 κ

792 3253 972 3341 babuisse
996 3258 1018 3339 a
1038 3256 1171 3361 Deo,
1200 3261 1296 3345 clim
1330 3262 1412 3349 hoc
1439 3291 1522 3345 non
1547 3258 1683 3363 dicat,
1705 3257 1777 3345 sed
1792 3260 1952 3345 tantum
1988 3259 2039 3347 de
2069 3264 2137 3347 sua
2163 3280 2281 3364 arte,
2298 3286 2353 3345 ex

792 3400 871 3487 qua
894 3371 1118 3460 d'ostrinam
1134 3376 1312 3463 deducit.

652 3595 655 3602 Ι
852 3492 952 3577 VII.
986 3496 1079 3577 Nec
1102 3496 1184 3603 ipsa
1203 3498 1320 3603 hujus
1338 3494 1432 3581 libri
1456 3494 1637 3582 dodrina
1658 3496 1742 3580 ullo
1766 3490 1890 3581 scatet
1908 3522 2066 3597 errore,
2082 3513 2216 3606 prout
2247 3494 2356 3605 sup·
2485 3603 2486 3608 Ν

794 3607 916 3717 ponit
938 3608 1123 3693 laudatus
1147 3611 1337 3725 Censor;
1360 3615 1471 3699 nulla
1498 3618 1555 3699 est
1573 3614 1684 3700 enim
1716 3612 1942 3725 propofitio
1968 3635 2133 3715 notata,
2152 3640 2244 3725 quae
2267 3612 2358 3695 ins·
2485 3647 2486 3712 3

793 3728 914 3836 pedo
929 3726 1044 3811 sensu
1063 3728 1188 3813 obvio
1210 3730 1325 3837 juxta
1347 3752 1589 3817 contextum
1604 3730 1783 3841 ejusdem
1797 3733 1916 3834 libri,
1931 3762 2014 3817 non
2036 3729 2086 3817 sit
2103 3761 2203 3817 vera
2217 3744 2263 3837 a'c
2283 3759 2358 3815 ca·
2485 3773 2486 3804 i

622 3880 654 3949 χ
797 3842 979 3945 tholica,
1002 3847 1184 3955 quamvis
1209 3848 1341 3961 aliqua
1371 3852 1394 3933 a
1415 3873 1613 3939 contextu
1635 3853 1764 3935 avulsa
1791 3848 1924 3963 posset
1947 3851 1989 3937 in
2021 3852 2169 3936 malam
2191 3870 2358 3961 partem
2485 3857 2486 3860 ‘

799 3959 993 4055 deflerem
1018 3960 1122 4049 ficut
1153 3966 1277 4051 etiam
1308 3966 1474 4079 possunt
1509 3973 1644 4057 taliter
1667 3968 1830 4056 defledi
1867 3970 2007 4055 multae
2038 3970 2209 4055 Petrum
2234 3965 2359 4053 asser-

778 4079 936 4165 tiones
964 4082 987 4163 b
1023 4080 1222 4169 cdntextu
1256 4086 1448 4197 separatae
1471 4121 1482 4182 3
1506 4091 1599 4200 quia
1615 4112 1752 4175 tamen
1774 4092 1907 4174 renus
1925 4088 2115 4178 censendi
2132 4084 2278 4171 modus
2296 4087 2359 4171 est

805 4197 969 4283 sensum
988 4226 1040 4282 ex
1063 4223 1261 4289 contextu
1284 4204 1503 4320 indagare,
1524 4211 1751 4295 nullatenus
1768 4209 1825 4291 est
1842 4206 2026 4293 censura
2043 4206 2164 4323 digna
2176 4204 2361 4313 doctrina

812 4314 1019 4411 Lulliana3
1042 4321 1223 4426 quamvis
1264 4345 1401 4410 autem
1433 4324 1583 4435 aliquid
1612 4325 1888 4411 duriusculum
1905 4323 2098 4429 dixisset,
2129 4324 2300 4411 deberet
2318 4324 2361 4407 in
2399 4337 2408 4359 ⁶

748 4452 754 4461 ·
786 4428 952 4525 „bonam
976 4435 1106 4545 accipi
1116 4444 1409 4548 partem,cbm
1428 4445 1578 4555 ubique
1588 4448 1628 4531 se
1642 4474 1787 4531 verum
1807 4443 2070 4532 catholicum
2083 4438 2358 4555 profiteatur,

796 4552 842 4633 dc
886 4550 1124 4662 neutiquam
1151 4555 1336 4645 intendat
1375 4562 1423 4649 ab
1447 4562 1643 4648 Ecclefiae
1678 4566 1792 4649 sensu
1828 4564 2062 4665 declinare,
2085 4562 2263 4673 ideoque
2289 4564 2359 4649 sua

798 4666 948 4778 scripta
982 4670 1117 4757 eidem
1148 4676 1381 4789 submittit,
1409 4684 1452 4764 u
1483 4677 1689 4795 signanter
1708 4682 1827 4789 hujus
1854 4682 1948 4769 libri
1971 4678 2223 4783 doctrinam,
2243 4700 2292 4763 ut
2315 4680 2360 4763 in

798 4784 948 4871 eodem
968 4810 1110 4877 notato
1127 4790 1309 4910 Prologo
1336 4792 1420 4899 stc,
1444 4828 1555 4883 num.
1581 4808 1621 4883 6.
1644 4781 1865 4912 prbfitetur
1880 4833 1890 4883 r
1907 4800 1988 4885 sua
2001 4831 2085 4914 qun
2100 4790 2147 4883 ⁴iu
2165 4803 2236 4884 dcc
2256 4798 2359 4883 libro

787 4933 962 5029 propono
976 4908 1119 5009 dicere,
1134 4911 1222 4995 volo
1233 4913 1415 5025 quddfint
1437 4912 1756 5031 &intelligantur
1772 4920 1815 5002 in
1826 4922 2004 5003 omnibus
2016 4916 2153 5039 ,firlrd
2177 4919 2361 5016 veritate,

796 5026 1008 5117 reverentiis
1031 5084 1045 5127 ,
1071 5022 1113 5109 e
1133 5028 1273 5114 honore
1299 5030 1412 5140 fircro
1436 5036 1592 5122 Snnc’loe
1620 5038 1808 5125 Romnnae
1838 5035 2016 5151 Ecclestae
2036 5094 2052 5143 ,
2076 5034 2187 5141 cuius
2209 5065 2363 5123 correc-

797 5139 894 5223 tioni
912 5144 996 5230 daec
1014 5140 1056 5227 Cr
1074 5144 1204 5235 omniu
1216 5146 1297 5231 asia
1320 5179 1403 5233 mea
1419 5152 1527 5243 dida
1539 5152 1734 5265 fitbnritto.
