5150 6667
983 661 1063 738 f
1230 612 2459 705 DISSERT·IV
2589 611 3683 737 §Irr.⁸··w

577 763 893 848 ratione
942 762 1417 849 aeternitatis
1448 822 1475 863 ,
1523 767 1684 846 &cz
1750 768 1836 846 &
1877 761 2058 872 quia
2104 760 2262 843 hoc
2309 788 2474 846 non
2535 756 2806 868 poffet
2851 758 3011 845 effe
3051 820 3078 861 ,
3125 760 3274 847 nifi
3340 765 3687 873 Spiritus

576 884 911 966 Sanetus
985 882 1082 969 ab
1160 881 1332 991 ipso
1405 878 1899 991 procederet
1943 938 1971 979 ,
2015 876 2204 961 ideo
2284 903 2451 960 non
2508 874 2711 961 effet
2774 875 3175 965 distinctus
3214 940 3241 984 ‚
3291 880 3437 965 nifi
3487 914 3686 995 pro..

580 1000 942 1086 cederet.
1593 1081 1610 1092 ,
1932 1083 1937 1092 ,
2487 1080 2499 1087 .

689 1120 963 1203 XXII.
1029 1114 1386 1202 Proinde
1417 1116 1751 1225 planum
1780 1116 1894 1199 est
1928 1173 1955 1216 ,
1996 1113 2312 1198 sensum
2341 1113 2563 1197 Lulli
2601 1111 2761 1199 effe
2793 1174 2820 1217 ,
2869 1116 3089 1226 quod
3115 1118 3245 1202 illa
3290 1119 3686 1208 distinctio

575 1236 825 1323 debet
904 1232 1064 1320 effe
1118 1235 1534 1347 perfecta,
1584 1239 1666 1318 ὅ(
1740 1237 1831 1321 in
1894 1252 2064 1315 tam
2111 1259 2398 1343 magna
2457 1232 2825 1318 bonitate
2865 1297 2890 1336 ,
2939 1241 3098 1321 dcc.
3168 1235 3253 1319 id
3321 1241 3435 1321 est
3481 1238 3685 1327 adeo

575 1358 789 1442 bona
818 1417 844 1456 ‚
892 1376 1193 1439 aeterna
1221 1414 1248 1455 ‚
1322 1359 1404 1439 ὅ(
1441 1375 1737 1463 potens
1768 1412 1795 1453 ‚
1845 1346 2049 1434 ficut
2122 1346 2511 1432 distinctio
2558 1351 2770 1435 inter
2824 1354 3158 1441 Patrem
3189 1362 3270 1439 &
3320 1357 3682 1453 Filiu1n;

579 1480 660 1558 ὅ(
752 1474 934 1584 quia
988 1474 1161 1557 haec
1211 1472 1388 1556 talis
1436 1475 1601 1571 est,
1637 1467 1858 1584 quod
1902 1466 2002 1552 a'd
2058 1466 2652 1575 distinctionem
2706 1469 2969 1556 Patris
3020 1479 3103 1558 δε
3163 1475 3353 1558 Filii
3383 1535 3410 1576 ‚
3441 1475 3687 1561 Pater

576 1568 645 1680 13⁴
652 1591 881 1675 ilium
950 1591 1339 1701 producit
1382 1591 1693 1674 bonum
1724 1648 1750 1689 ,
1800 1594 2694 1691 aete1·s1111n‚potentem
2724 1646 2750 1687 ,
2811 1595 2966 1674 ἀς.
3018 1593 3172 1690 ita,
3219 1614 3312 1676 ut
3356 1592 3686 1680 distinc-

576 1709 690 1792 tio
731 1708 925 1792 Filii
969 1710 1013 1791 ὲ
1058 1709 1369 1817 Spiritu
1410 1710 1701 1791 Sancto
1784 1701 1885 1788 fit
1929 1700 2155 1810 aeque
2195 1699 2551 1809 perfecta
2595 1761 2621 1802 ,
2672 1709 2754 1788 &
2824 1708 3049 1817 aeque
3135 1709 3217 1791 in
3263 1710 3627 1796 bonitate
3659 1773 3688 1813 ,

577 1829 1073 1926 aeternitate,
1096 1833 1254 1911 δερ.
1303 1826 1559 1909 Filius
1592 1824 1841 1908 debet
1877 1821 2140 1929 ipsum
2169 1817 2628 1927 producere
2657 1820 3012 1926 bonum,
3043 1848 3442 1914 aeternum
3462 1890 3488 1931 ‚
3521 1836 3681 1915 δίε.

580 1948 662 2027 &
712 1946 887 2027 haec
934 1946 1045 2028 est
1089 1943 1477 2028 distinctio
1523 1941 1878 2053 perfetta
1914 1940 1998 2021 in
2043 1935 2407 2019 bonitate
2447 1995 2474 2035 ,
2521 1940 3019 2043 aeternitate‚
3061 1950 3217 2031 δίο.
3258 1951 3439 2033 Hoc
3474 1976 3688 2056 prae-

578 2084 950 2170 terquam
987 2062 1206 2169 quod
1242 2092 1347 2146 ex
1390 2063 1562 2171 ipso
1594 2080 1823 2168 patet
1861 2074 2266 2140 contextu
2293 2113 2318 2152 ,
2348 2055 2689 2165 amplius
2731 2061 3276 2150 manifestatur
3313 2095 3418 2149 ex
3448 2062 3688 2150 fimili

577 2180 830 2263 modo
899 2180 1285 2290 loquendi
1337 2182 1418 2263 in
1449 2178 1750 2263 eodem
1812 2174 2023 2258 libro
2067 2173 2147 2255 in
2186 2171 2425 2253 variis
2492 2174 3058 2290 quaestionibus
3097 2242 3123 2283 ‚
3184 2183 3323 2266 ubi
3360 2184 3686 2292 semper

571 2298 956 2407 supponit
984 2358 1012 2398 ‚
1056 2300 1262 2408 hane
1302 2297 1895 2408 distinctionem
1924 2287 2468 2373 Personarum
2497 2290 2795 2378 debere
2844 2296 3004 2382 effe
3053 2327 3243 2384 cum
3276 2302 3692 2401 bonitate,

569 2416 1131 2527 magnitudine
1172 2477 1200 2518 ,
1250 2422 1407 2501 ἃς.
1454 2418 1566 2501 ita
1599 2435 1693 2497 ut
1743 2412 2038 2495 divinae
2078 2406 2512 2519 dignitates
2567 2410 2916 2499 habeant
2951 2418 3182 2501 suum
3227 2422 3488 2502 astum
3521 2479 3547 2519 ,
3594 2440 3689 2505 ut

567 2534 962 2617 habeatur
1005 2536 1183 2618 talis
1233 2533 1625 2618 distinstio
1664 2593 1691 2634 ‚
1741 2534 1826 2614 &
1890 2527 2081 2611 ideo
2129 2513 2395 2634 quaest.
2486 2554 2615 2628 14.
2692 2552 2783 2614 ut
2825 2536 3127 2642 probet
3172 2536 3393 2645 quod
3438 2537 3688 2622 Pater

573 2655 656 2733 &
687 2652 947 2735 Filius
986 2652 1297 2754 debent·
1329 2652 1492 2737 dici
1519 2679 1724 2735 unus
1755 2646 2102 2757 spirator
2129 2702 2155 2745 ,
2202 2648 2283 2727 ὅ(
2314 2673 2480 2727 non
2520 2643 2685 2729 duo
2716 2708 2742 2751 ‚
2781 2649 2892 2734 ita
2919 2682 3140 2736 num.
3171 2683 3243 2737 2.
3276 2654 3691 2740 discurrit:

577 2767 879 2850 'Adhuc-
910 2771 1076 2850 dico
1124 2773 1257 2851 tibi
1316 2772 1519 2879 quod
1557 2773 1751 2850 inter
1790 2767 2094 2849 Patrem
2146 2758 2229 2845 δ’
2269 2762 2554 2844 Filium
2582 2764 2694 2873 fit
2732 2765 3156 2878 proprietas
3191 2770 3624 2877 destinc‘liva
3658 2832 3690 2873 ,

571 2887 869 2981 ratione
914 2884 1133 2987 cujus
1178 2865 1372 2967 uitus
1415 2886 1799 2992 dzstinguit
1874 2882 2107 2963 alium
2170 2909 2397 2961 unum
2443 2883 2493 2961 ά
2526 2878 2615 2989 ft·
2643 2940 2677 2981 ‚-
2694 2883 2899 2992 ficut
2956 2879 3250 2988 Pater}
3288 2891 3418 2999 qui
3446 2918 3690 2995 gene-2

571 3004 820 3085 tando
856 3004 932 3084 F
931 3002 1138 3114 ilium
1172 3062 1199 3103 ‚
1239 3001 1473 3113 ipsicm
1519 3001 1904 3109 distinguit
1942 3001 1991 3079 ἀ
2007 2994 2098 3106 [ὲ
2123 2994 2279 3105 ipsb
2318 3054 2345 3094 ‚
2386 2992 2467 3079 ὃ·
2480 2996 2687 3105 ficut
2723 3003 2916 3085 inter
2956 3004 3260 3086 Patrem
3294 3002 3375 3098 G·
3401 3005 3685 3087 Filium

572 3122 677 3226 est
711 3120 1086 3225 dzstinc't'io
1131 3152 1297 3203 cum
1356 3122 1729 3240 infinitatg
1784 3117 2144 3197 bonitatis
2181 3172 2209 3213 ‚
2252 3115 2696 3197 (eternitatis
2731 3120 3120 3225 potestatis
3157 3179 3183 3220 ,
3244 3118 3390 3205 &a
3407 3121 3529 3231 stc
3550 3152 3694 3230 per

578 3236 1036 3348 consequens
1098 3241 1291 3319 inter
1341 3234 1537 3347 ipsos
1581 3236 1681 3343 est
1722 3231 2299 3331 concordantia,
2346 3262 2510 3341 quoe
2546 3231 2650 3339 est
2681 3238 2999 3345 aequalis
3049 3238 3508 3345 dzstinffloni
3552 3269 3696 3348 per

571 3355 955 3461 infinitam
1035 3356 1443 3437 bonitatem
1475 3413 1502 3456 ,
1545 3355 2029 3438 aeternitatem
2064 3409 2091 3450 ,
2143 3350 2577 3458 potestatem
2610 3409 2636 3450 ‚
2683 3347 2832 3435 &a
2907 3355 3077 3440 Ubi
3140 3354 3532 3440 distinaio
3610 3360 3692 3440 ὅ(

568 3469 1159 3554 concordantia
1198 3470 1579 3556 dicuntur
1648 3464 1809 3554 effe
1867 3496 2060 3551 cum
2123 3461 2847 3567 infinita-bonitate
2887 3532 2914 3573 ,
2968 3478 3127 3557 διε.
3179 3477 3262 3558 &
3312 3502 3463 3582 per
3506 3470 3694 3557 infi-

574 3588 832 3670 nitam
896 3587 1408 3690 bonitatem,
1458 3596 1616 3675 &c.
1676 3584 1899 3698 quod
1969 3582 2191 3669 idem
2236 3586 2347 3669 est
2388 3611 2484 3666 ac
2531 3583 2804 3675 dicere
2853 3589 3074 3702 quod
3111 3591 3291 3674 sunt
3378 3587 3692 3682 infinite

568 3706 857 3806 bonae,
890 3725 1260 3808 aeternae,
1302 3713 1461 3792 διε.
1520 3706 1790 3814 Αῑῳε
1840 3702 2045 3788 adeo
2102 3702 2496 3788 distinctio
2544 3702 2843 3792 dicitur
2887 3707 3047 3794 effe
3094 3709 3175 3790 in
3224 3737 3514 3821 magna
3543 3709 3694 3792 bo-

568 3823 825 3911 nitate
855 3882 885 3922 ‚
931 3825 1385 3911 aeternitate
1418 3885 1445 3926 ‚
1488 3827 1646 3910 dcc.
1710 3824 1894 3931 quia
1946 3823 2059 3904 est
2125 3820 2386 3921 bona,
2415 3841 2763 3927 aeterna,
2802 3832 2962 3913 ὄις.
3011 3823 3234 3941 quod
3271 3847 3544 3914 autem
3579 3828 3692 3914 est

571 3941 889 4027 boumn
917 4000 946 4043 ,
984 3941 1067 4028 in
1097 3943 1472 4030 bonitate
1515 3949 1595 4030 ὅ(
1638 3967 1828 4026 cum
1864 3938 2231 4025 bonitate
2270 3942 2382 4025 est
2405 3941 2743 4046 bonum.

2017 4180 2302 4300 fflssff

2254 4299 2278 4327 r
2291 4295 2298 4319 ι·
