5150 6667
77 603 85 646 r
441 560 491 629 ⁹·

673 622 1308 771 ursanum-111„
1370 648 1415 759 §t
1470 646 1601 761 11„
1796 682 1860 784 5⁷

307 778 658 903 magnificendtc·
673 786 708 870 F
711 782 1053 897 ilium,quatenus
1062 772 1559 901 illumproducitbomun‚
1567 800 1859 903 megnmmdoe.

306 909 406 997 clun
430 906 557 991 etiam
574 903 728 1005 Pater,
750 904 820 1019 qui
838 908 895 989 cll
915 906 1085 1009 volens,
1103 903 1305 1017 producat
1330 904 1484 991 Filium
1503 906 1742 1013 volentem,
1758 909 1862 1001 sicut

308 1025 461 1125 Pater,
485 1024 555 1137 qui
573 1024 631 1109 est
651 1022 835 1132 sapiens,
858 1022 1051 1133 producit
1070 1024 1226 1111 Filium
1246 1022 1474 1133 sapientem
1490 1054 1503 1117 3
1527 1023 1621 1113 ideo
1636 1028 1719 1135 ipsa
1734 1056 1864 1141 gene·

309 1145 414 1231 ratio
440 1142 562 1259 Filii,
583 1136 688 1226 ficut
704 1143 762 1227 est
782 1138 1048 1245 bonificotio,
1067 1138 1371 1258 magnificatio,
1391 1148 1470 1233 &o
1489 1144 1608 1246 Filii,
1625 1143 1670 1228 id
1689 1148 1747 1233 est
1763 1174 1862 1257 pro·-

309 1260 447 1371 duttio
462 1260 558 1343 Filii
571 1258 671 1343 boni
687 1318 702 1360 ‚
721 1260 884 1373 magni,
903 1266 983 1348 &o
1008 1262 1063 1347 ita
1083 1265 1141 1349 est
1157 1256 1378 1347 volificatio
1401 1260 1531 1365 (utor
1552 1261 1631 1349 hac.
1648 1291 1786 1365 voce,
1813 1286 1861 1351 ut
1914 1333 1918 1339 .

310 1380 459 1471 claritis
478 1376 727 1489 intelligatur
747 1378 1083 1489 proportionetur
1103 1383 1250 1488 auus)
1278 1379 1347 1489 seu
1368 1376 1583 1487 productio
1605 1379 1702 1467 Filii
1717 1381 1860 1473 volen-

309 1500 397 1601 tis,
421 1503 463 1583 dt
486 1488 793 1609 sapientificatio
811 1496 881 1581 seu
893 1495 1106 1606 productio
1122 1496 1218 1583 Filii
1232 1496 1441 1604 sapientior
1455 1496 1549 1610 quia
1561 1495 1712 1583 eodem
1732 1498 1858 1591 modo

308 1618 462 1717 Pater,
493 1612 688 1734 producit
710 1614 862 1701 Filium
882 1614 1092 1701 volentem
1114 1617 1156 1697 dt
1187 1613 1417 1723 sapientem
1436 1642 1485 1699 ac
1505 1613 1703 1724 producit·
1728 1615 1861 1729 ipsum

306 1736 471 1829 *bonum
493 1793 507 1834 ,
533 1760 752 1843 magnum,
779 1736 860 1819 &c
884 1737 926 1816 &
948 1728 1052 1817 ficut
1073 1732 1115 1815 in
1138 1729 1259 1815 Patre
1281 1731 1441 1816 bonitas
1461 1734 1519 1817 est
1538 1733 1642 1843 ratio
1665 1762 1739 1820 cur
1758 1762 1861 1845 pro-

312 1852 439 1937 ducat
461 1850 609 1935 Filium
630 1849 814 1948 bonum,
844 1854 886 1934 δι
909 1846 1147 1961 magnitudo
1166 1875 1238 1935 cur
1259 1846 1467 1957 producat*
1485 1850 1599 1935 illum
1628 1879 1821 1964 magnum
1842 1910 1857 1955 ,

262 2036 266 2043 .
314 1974 398 2055 &o
425 1968 479 2051 ita
498 1968 683 2053 voluntas
715 1967 757 2053 in
780 1967 903 2053 Patre
926 1970 983 2053 est
1004 1966 1109 2077 ratio
1131 1994 1204 2067 cur
1225 1964 1427 2078 producat
1447 1966 1600 2053 Filium
1619 1969 1875 2071 volentem,-

316 2091 359 2171 &
386 2085 578 2194 sapientia
598 2088 656 2171 est
673 2089 776 2172 ratio
798 2116 873 2171 cur
891 2084 1094 2199 producat
1116 2083 1231 2167 illum
1253 2086 1477 2196 sapientem
1499 2116 1511 2176 t
1532 2090 1584 2173 dt
1612 2081 1715 2169 ficut
1734 2113 1861 2198 gene·

272 2290 273 2295 Ν
311 2231 402 2289 rare
425 2202 559 2289 Patris
581 2206 638 2287 est
659 2199 880 2299 bonificare
905 2200 1228 2312 correspondens
1246 2202 1419 2288 bonitati
1432 2197 1583 2311 ipfius,
1612 2207 1654 2286 &
1672 2204 1730 2288 cst
1747 2228 1859 2319 mage
1913 2262 1921 2268 -
1950 2282 1956 2291 .

76 2328 77 2384 ἱ
187 2360 188 2365 ¹
311 2317 478 2407 nificare
507 2320 831 2431 correspondens
851 2319 1124 2521 mapnitudini
1145 2316 1268 2428 ipsius
1299 2352 1311 2413 ς
1343 2321 1399 2403 ita
1431 2320 1565 2428 ipsum
1585 2300 1778 2431 g'enerare
1801 2321 1861 2405 est
1953 2410 1955 2413 ⁴

76 2548 77 2557 p
222 2482 235 2515 .·
310 2434 520 2523 volificarc
534 2438 857 2547 correspondens
872 2439 912 2548 ip

932 2466 994 2523 rus
1008 2436 1235 2538 voluntati,
1257 2442 1300 2523 δι
1314 2440 1371 2523 est
1392 2431 1682 2547 sapientificam
1704 2436 1860 2525 corres-

312 2555 502 2667 pondens
526 2552 648 2667 ipsius
668 2555 884 2665 sapientiae.
1051 2585 1057 2597 ‘
1661 2598 1667 2611 ·

77 2683 78 2700 ¹
242 2703 252 2765 q
374 2674 537 2779 XVIII.
560 2671 684 2759 Unde
705 2673 771 2757 hio
794 2676 934 2772 astru,
964 2669 1033 2781 qui
1055 2670 1097 2757 in
1118 2668 1382 2783 generatione
1401 2671 1695 2783 correspondet
1715 2673 1863 2759 volana

77 2803 79 2848 l
317 2788 393 2871 tati
415 2787 584 2887 Patris,
614 2790 685 2870 seu
705 2790 911 2899 generatio
933 2809 1059 2899 prout
1080 2790 1137 2872 est
1161 2793 1296 2889 attur,
1337 2817 1417 2900 quo
1438 2790 1562 2875 Pater
1576 2790 1718 2875 volens
1735 2818 1863 2904 gene*

1421 2637 1425 2648 ι

76 2859 79 2968 i
231 2900 262 2947 Ψ
314 2925 381 2989 rat
409 2903 561 2988 Filium
590 2904 827 3006 volentem,
846 2906 906 2989 est
926 2932 1051 3013 purus
1074 2908 1181 2989 attus
1204 2907 1393 2999 naturalia
1415 2906 1721 3016 productionis,
1758 2904 1862 2991 ficut

314 3025 427 3106 actus
439 3020 763 3131 correspondens
780 3022 982 3123 bonitati,
1006 3049 1087 3132 quo
1110 3021 1233 3105 Pater
1253 3022 1386 3108 bonus
1406 3019 1600 3129 producit
1617 3022 1768 3107 Filium
1785 3024 1871 3108 bo-·

318 3166 447 3240 num,
469 3138 527 3224 est
552 3166 677 3247 purus
699 3142 807 3221 ailus
828 3139 1016 3223 naturalis
1035 3136 1346 3248 productionis5
1371 3142 1413 3222 ὅ(
1446 3137 1498 3220 ad
1523 3139 1630 3223 hunc
1654 3142 1785 3223 actum
1820 3140 1860 3225 sc

318 3255 443 3339 habet
462 3255 648 3355 voluntas
667 3274 713 3337 ut
733 3274 904 3355 natura,
930 3258 1009 3364 qua
1029 3253 1260 3364 producens
1279 3256 1319 3339 se
1338 3255 1466 3339 habet>
1477 3253 1529 3339 ad
1549 3253 1862 3365 producendum

76 3343 79 3495 ζ
223 3392 259 3443 .’
316 3368 393 3456 libi
410 3368 584 3455 similem
597 3370 644 3455 in'
661 3392 829 3473 natura,
854 3377 897 3457 dr
916 3374 1136 3481 propterel
1157 3373 1236 3459 hoc
1259 3376 1348 3455 actu
1370 3371 1493 3457 Pater
1513 3373 1655 3459 volens
1670 3371 1864 3481 producit

315 3489 470 3573 Filium
499 3488 736 3589 volentem,
759 3485 863 3574 ficut
884 3487 1034 3573 eodem
1062 3494 1176 3590 astu,
1206 3509 1332 3599 prout
1352 3492 1409 3573 est
1430 3493 1537 3573 astus
1560 3490 1748 3578 naturalis
1770 3517 1863 3575 cor-

76 3572 77 3585 i
142 3674 146 3682 .
174 3662 179 3671 -
316 3605 567 3716 respondens
585 3605 785 3705 bonitati,
807 3606 931 3692 Pater
951 3607 1085 3703 bonus
1106 3604 1298 3716 producit
1311 3609 1346 3691 F
1349 3606 1464 3692 ilium
1476 3607 1631 3693 bonum
1646 3639 1656 3687 ε
1671 3630 1789 3717 atque
1809 3607 1865 3689 ita

238 3830 242 3835 .
317 3752 402 3807 non
427 3721 690 3811 confunditur
712 3722 840 3807 dietus
862 3725 970 3807 adius
993 3750 1089 3809 cum
1111 3726 1199 3807 actu
1211 3726 1458 3826 voluntatis,
1482 3753 1562 3835 quo
1586 3724 1708 3809 Pater
1727 3729 1768 3807 ἀ
1789 3716 1894 3806 Ρὶ-’
1951 3760 1954 3768 ·

307 3840 399 3925 lius
415 3842 455 3924 se
481 3844 624 3925 mutuo
645 3838 817 3927 amando
839 3838 991 3947 spirant
1018 3840 1218 3949 Spiritum
1246 3843 1447 3926 sanetum.
1471 3841 1616 3926 Dictus
1640 3861 1776 3925 autem
1797 3867 1863 3922 ac·
2031 3914 2036 3918 .

319 3976 389 4043 tus
416 3958 736 4065 correspondens
749 3956 976 4071 voluntati,
1001 3982 1082 4065 quo
1106 3958 1228 4042 Pater
1248 3961 1391 4045 volens
1408 3958 1605 4068 'producit
1621 3956 1772 4044 Filium
1791 3982 1865 4037 vo-

321 4075 479 4161 lentem
494 4133 519 4177 ,.
532 4076 672 4159 reveri
693 4102 775 4157 non
804 4072 927 4161 debet
946 4069 1193 4163 confiderari
1222 4098 1269 4161 ut
1291 4080 1397 4161 allus
1416 4074 1616 4165 disdraus
1638 4074 1687 4159 ab
1710 4073 1779 4157 illo
1800 4071 1883 4153 def-1

320 4192 471 4303 ligere,
494 4218 573 4301 quo
597 4191 719 4273 Pater
741 4188 872 4302 diligit
894 4218 1088 4303 generare
1113 4191 1296 4297 Filium,
1314 4192 1382 4277 sed
1404 4214 1451 4277 ut
1471 4193 1583 4279 idem
1601 4195 1707 4277 edus
1726 4190 1863 4275 diver-

319 4305 479 4393 simode
500 4308 756 4417 explicatam
788 4334 909 4407 narn,
933 4305 1032 4395 dum
1054 4308 1235 4411 dicitur,
1267 4308 1376 4419 quod
1396 4312 1514 4393 Pater
1531 4309 1753 4393 naturaliter
1772 4305 1864 4391 dili·
1981 4304 1982 4308 '
2113 4368 2116 4380 .

314 4418 379 4537 ¹gir
403 4454 585 4537 generare
603 4423 774 4523 Filium,
793 4452 875 4507 non
889 4426 1114 4534 explicatur
1128 4424 1239 4536 quod
1258 4454 1343 4537 per·
1355 4425 1522 4539 diligere
1542 4427 1687 4525 illum,
1709 4422 1864 4532 produ-

321 4543 525 4631 catillum
541 4540 748 4626 volentem
754 4572 781 4649 p
799 4562 840 4625 at
863 4542 954 4650 quia
975 4540 1074 4627 illud
1096 4543 1292 4655 diligere,
1310 4571 1392 4653 quo
1410 4543 1533 4629 Pater
1553 4542 1788 4633 neutraliter
1805 4538 1865 4621 di·

322 4660 418 4773 ligit
433 4685 639 4773 generare¹
658 4658 837 4773 Filium,
862 4686 945 4744 non
968 4662 1051 4759 est,
1077 4682 1126 4747 ut
1143 4662 1198 4745 ita
1216 4660 1375 4760 dicam,
1395 4658 1494 4769 puri
1508 4659 1801 4771 speculativum
1815 4659 1866 4739 ,δι

323 4776 547 4877 inefficax,
572 4775 665 4859 ide'o
696 4774 905 4862 illud-met
935 4775 1102 4889 diligere
1125 4781 1181 4865 est
1204 4779 1286 4887 ipsa
1303 4777 1552 4887 productio,
1584 4780 1654 4863 seu
1675 4777 1865 4885 ipse-met

166 4950 169 4959 ·
327 4900 464 4997 ailus,
500 4921 581 5004 quo
604 4892 725 4989 Pater
745 4893 886 4981 volens
909 4893 1101 5004 producit
1123 4896 1275 4979 Filium
1295 4895 1539 4997 volentem,
1563 4892 1666 4980 ficut
1683 4890 1781 4980 illud
1798 4888 1864 4968 in·

327 5013 546 5127 redigere,
578 5037 659 5120 quo
695 5010 818 5097 Pater
852 5012 1041 5126 intelligit
1062 5014 1102 5098 se
1125 5009 1205 5099 effe
1233 5010 1283 5097 de
1299 5017 1397 5096 toto
1428 5014 1557 5123 seipso
1586 5006 1866 5123 generativum

330 5128 454 5230 Filii,
480 5130 537 5213 est
571 5130 741 5237 ipsamet
774 5128 1016 5239 productio,
1044 5132 1123 5242 qua
1153 5127 1275 5217 Pater
1300 5135 1468 5243 generat
1500 5128 1653 5213 Filium
1666 5138 1690 5225 ‚'
1707 5126 1751 5209 dt
1787 5146 1818 5231 q

330 5244 703 5450 Patchippplhpppp
733 5246 926 5359 producit
946 5244 1100 5335 Filium
1119 5247 1430 5361 intelligentem·
1648 5358 1690 5441 H
1798 5282 1805 5292 ·
