5150 6667
741 732 800 807 42
891 700 1230 795 vrunrc.
1291 656 1529 791 no'nn
1584 656 2139 787 tonsarum-1.

566 940 574 956 ·
713 928 716 937 ,
738 845 962 953 primitivo,
982 848 1008 929 d
1024 836 1096 957 q'uo
1115 846 1172 927 od
1185 875 1256 931 nos
1265 844 1583 960 defluunt,qudm
1605 843 1645 923 in
1663 841 1775 923 nobis
1785 836 1879 949 fiant
1897 868 2001 921 :non
2017 865 2106 949 ergo
2119 836 2298 923 nundum

730 959 781 1070 se
803 962 841 1043 F
840 961 945 1043 isium
970 966 1193 1071 generabit,
1208 961 1282 1072 sed
1297 961 1480 1075 aqualem
1510 988 1559 1042 oc
1584 954 1948 1068 confitbstantialem.
2051 964 2072 995 ‘
2193 1001 2200 1011 1
2312 1034 2315 1039 ,

803 1078 962 1160 XXIII.
991 1079 1125 1163 Divus
1153 1074 1406 1191 Augustirms'
1434 1078 1477 1161 in
1507 1074 1724 1160 collatione
1750 1102 1845 1158 cum
1875 1069 2102 1156 Maximino
2141 1070 2298 1156 Ariane

744 1194 880 1303 Episc.
897 1192 978 1280 five
991 1197 1061 1280 lib.
1084 1226 1118 1279 1.
1137 1218 1282 1279 oontra
1299 1196 1459 1306 Ipsum,
1478 1222 1591 1277 num
1614 1220 1678 1292 14.
1703 1192 1760 1273 ait
1781 1222 1793 1272 t
1814 1218 1842 1259 u
1858 1190 1998 1301 Quare
2012 1218 2136 1273 verus
2153 1186 2302 1274 Deus?

745 1352 772 1393 n
797 1312 904 1421 Quia
924 1340 1043 1397 verus
1069 1313 1156 1397 Dei
1178 1315 1212 1395 F
1215 1314 1319 1397 ilios.
1352 1313 1397 1397 Si
1414 1311 1531 1395 enim
1547 1308 1786 1394 animalibus
1798 1306 1921 1393 adedit
1942 1367 1956 1409 ,
1988 1329 2039 1410 ut
2067 1338 2150 1392 non
2173 1334 2303 1421 genef

745 1471 772 1510 n
796 1450 889 1513 rent
911 1426 984 1513 nist
1009 1428 1119 1539 qnod
1141 1430 1261 1513 sunt:
1282 1430 1417 1513 homo
1446 1426 1660 1513 hominem
1686 1447 1887 1539 generat,
1921 1426 2034 1510 canis
2051 1452 2228 1525 sanem,
2250 1429 2299 1509 dt

744 1588 771 1629 η
792 1546 910 1645 Deus
937 1547 1078 1632 Deum
1105 1570 1187 1629 non
1209 1567 1379 1661 generat
1398 1543 1418 1627 i
1436 1588 1463 1627 n
1487 1546 1545 1629 Et
1567 1544 1712 1630 eadem
1736 1546 1887 1628 iterum
1908 1548 2080 1627 tradaris
2105 1541 2299 1655 Augusti-

745 1691 819 1749 nus
844 1664 913 1749 lib.
932 1692 968 1747 2.
991 1664 1059 1748 vel
1084 1663 1249 1773 potius,
1270 1664 1381 1747 utin
1405 1662 1585 1747 editione
1601 1690 1747 1764 nova,
1777 1663 1819 1744 in
1842 1661 1911 1745 lib.
1941 1690 1976 1747 1.
1998 1681 2144 1745 contra
2162 1659 2299 1745 Maxi-

745 1782 842 1891 mir
864 1808 952 1891 cap.
979 1786 1017 1863 6.
1042 1781 1125 1864 ait:
1151 1808 1178 1849 u
1201 1782 1329 1865 Sexto
1352 1782 1475 1882 loco,
1498 1802 1544 1864 ut
1565 1778 1746 1886 ejusdem
1774 1800 1949 1880 nanuae,
1972 1780 2087 1884 cujus
2112 1777 2300 1863 &Pater

738 1939 772 1979 -η
796 1901 884 1999 est,
914 1896 1170 1983 ostenderem
1201 1898 1353 1983 Filium
1375 1957 1390 1998 ,
1420 1899 1545 1981 etiam
1567 1898 1802 1981 mortalium
1822 1892 1946 1981 foetus
1968 1890 2302 1979 animaliumim-

744 2055 771 2099 n
796 2014 979 2099 inanitati
997 2016 1116 2101 vestri
1138 2016 1287 2099 erroris
1315 2015 1480 2121 objeci,
1502 2016 1717 2126 increpans
1748 2042 1823 2099 cor
1849 2015 2059 2115 vestrum,
2105 2014 2174 2125 qui
2195 2012 2300 2119 ejus-

744 2173 772 2215 „
798 2131 898 2219 dem·
921 2153 1073 2217 naturae
1088 2191 1102 2232 ,
1115 2132 1237 2239 eujus
1260 2134 1318 2217 est
1340 2132 1494 2232 Pater,
1515 2134 1671 2245 negatis
1685 2128 1767 2217 else
1791 2131 1934 2216 Deum
1949 2132 2130 2236 Filium,
2150 2158 2297 2243 quam·
2349 2160 2363 2190 ³

746 2290 773 2332 n
797 2251 857 2335 vIs
881 2247 977 2334 vere
1002 2248 1082 2335 effe
1105 2250 1259 2334 Filium
1287 2256 1370 2335 noh
1388 2250 1577 2363 nega-tiss
1601 2253 1697 2334 cum
1723 2248 1842 2334 Deus
1860 2250 1944 2359 ipse
1963 2248 2125 2335 dederit
2143 2250 2300 2331 anima-

703 2398 715 2414 ·
746 2408 774 2450 n
800 2366 903 2451 libus
930 2368 1008 2452 hoc
1034 2393 1260 2479 generare,
1283 2367 1399 2477 quod
1424 2368 1506 2477 ipsa
1529 2369 1621 2451 sunt
1643 2400 1654 2449 ε
1676 2368 1749 2451 ubi
1769 2395 1852 2450 non
1872 2367 2005 2451 solum
2026 2365 2200 2451 hominis
2224 2366 2303 2449 ho·

746 2525 774 2567 ιι
800 2484 986 2583 minem,
1012 2486 1157 2570 verum
1180 2487 1311 2569 etiam
1333 2486 1443 2568 canis
1468 2513 1616 2569 canera
1638 2481 1769 2569 lilium
1790 2486 2029 2569 nominavi:
2059 2512 2141 2569 non
2171 2482 2222 2566 ad
2252 2478 2304 2563 si-

745 2642 774 2683 „
799 2602 1072 2687 milimdinem
1095 2602 1215 2702 Dei,
1247 2602 1318 2687 sed
1343 2602 1394 2686 ad
1415 2600 1704 2688 oonsulionem-
1730 2602 2027 2687 detrahentium
2056 2600 2162 2684 Filio
2184 2598 2303 2693 Dei-5

745 2758 773 2800 n
800 2719 901 2828 qui,
925 2721 1020 2804 cnm
1031 2718 1198 2805 videant
1214 2720 1502 2830 corruptibiles
1521 2722 1792 2831 mortalesque
1812 2741 1968 2804 naturas
1989 2720 2138 2804 habere
2156 2738 2299 2800 tamen

743 2876 774 2917 n
799 2856 951 2920 naturae
972 2836 1026 2921 de
1053 2837 1130 2919 suis
1152 2838 1391 2947 parentibus
1425 2838 1625 2923 unitatem
1643 2898 1663 2940 ,
1681 2839 1787 2922 Filio
1809 2838 1895 2924 Dei
1913 2839 2014 2929 vero
2037 2836 2182 2921 nolunt
2200 2861 2305 2917 con·

745 2992 774 3034 n
798 2952 947 3039 odere
972 2954 1310 3039 communionem
1333 2977 1486 3037 naturae
1507 2956 1625 3040 uniam
1644 2957 1793 3040 habere
1809 2954 1863 3041 de
1884 2956 2005 3038 Patre
2020 2982 2032 3044 3
2051 2956 2147 3038 edm
2164 2948 2215 3067 lit
2233 2951 2299 3035 in·
2388 3052 2394 3063 ‚

711 3142 714 3147 .
743 3112 775 3153 n
799 3072 1028 3179 separabilis
1046 3073 1070 3154 i
1092 3070 1243 3173 Patre,
1272 3070 1315 3156 δ’(
1333 3072 1681 3181 incorruptibilis,
1704 3073 1956 3181 aeternusque
1978 3099 2075 3155 cum
2093 3070 2302 3174 Patre-...2

748 3226 775 3271 n
799 3188 879 3305 luc
902 3209 976 3289 tu,
993 3208 1041 3273 ut
1061 3210 1278 3297 appareret
1298 3191 1417 3309 quim
1431 3193 1576 3303 magna
1588 3190 1769 3274 veritatis
1788 3191 1897 3274 mole
1912 3189 2186 3299 premereris,
2204 3214 2300 3270 om·-

630 3360 633 3371 ·
743 3344 775 3386 n
799 3306 897 3389 nino
908 3305 963 3389 ad
978 3332 1068 3388 rem
1085 3332 1167 3387 non
1190 3306 1458 3415 respondisti:
1482 3306 1579 3409 sed,
1599 3329 1791 3415 tanquam
1818 3302 2029 3390 deficienti
2055 3309 2155 3388 flatu
2181 3304 2304 3388 anhe-

745 3420 929 3543 nlarea,
951 3420 1338 3531 reprehendendum
1353 3452 1418 3508 me
1433 3426 1609 3533 putasti,
1632 3422 1806 3524 dicens,
1831 3422 1942 3534 quod
1958 3445 2043 3506 tarn
2058 3412 2169 3507 foeda
2183 3450 2302 3506 com·

744 3578 776 3618 n
800 3539 988 3647 paratio,
1010 3537 1063 3621 de
1082 3537 1190 3622 Filio
1213 3539 1367 3625 scilicet
1388 3534 1594 3642 hominis,
1613 3538 1693 3625 five
1708 3542 1841 3643 canis,
1861 3541 2027 3625 inillam
2046 3527 2200 3625 ta'ntam
2219 3540 2301 3621 im-

746 3696 775 3736 „
800 3652 1071 3740 menfitatom.
1085 3654 1260 3763 produci
1282 3685 1365 3741 non
1379 3658 1542 3773 delinit.
1564 3663 1657 3770 Hoc
1680 3660 1927 3773 respondere
1949 3662 2041 3759 est,
2071 3686 2123 3746 au
2162 3658 2301 3768 potios

624 3782 642 3804 ⁶
749 3812 778 3854 n
796 3772 983 3881 inopiam
1005 3769 1275 3880 responsionis
1290 3776 1503 3861 ostendere
1516 3774 1534 3857 l
1549 3773 1675 3886 Quasr
1690 3806 1792 3890 ego,
1806 3779 2026 3891 propterea
2046 3798 2303 3861 terrenarum

752 3932 779 3973 n
804 3910 1038 3975 nanuanam
1066 3890 1135 3973 ista
1157 3894 1346 4002 exempla
1366 3893 1634 4003 produxerim
1652 3954 1666 3996 ,
1681 3918 1731 3983 nt
1753 3894 2051 4005 incorruptioni
2070 3892 2306 4002 corruptio·

754 4048 780 4089 n
805 4035 935 4108 nem,
958 4006 1254 4107 immortalitati
1276 4012 1595 4112 mortalitatem,
1618 4011 1892 4105 invisbilibus-
1916 4008 2107 4112 vifibilia,
2137 4010 2302 4095 aetemis

755 4164 784 4207 n
808 4126 1076 4234 temporalia,
1092 4152 1351 4237 eoaequarem
1366 4161 1382 4211 τ·
1397 4158 1543 4217 aenon
1558 4131 1719 4238 potius,
1740 4152 1788 4213 ut
1809 4160 1882 4214 vos
1897 4128 2171 4240 in'magnis&
2195 4130 2305 4210 sum·

745 4282 783 4355 n
810 4244 888 4326 mis
910 4243 1031 4327 rebus
1055 4264 1234 4329 errantes
1254 4244 1305 4331 de
1328 4248 1448 4332 rebus
1471 4247 1646 4357 parvulis
1669 4245 1895 4359 infimisque
1911 4249 2218 4338 convincerem3
2234 4242 2306 4354 qui

756 4398 784 4441 n
810 4389 892 4444 noa
918 4358 1066 4445 idetis
1092 4361 1249 4445 bonum
1261 4422 1277 4467 ,
1296 4363 1409 4473 quod
1429 4362 1608 4449 Creator
1628 4365 1782 4451 summe
1804 4366 1938 4452 bonus
1959 4362 2073 4450 dedit
2088 4365 2223 4449 etiam
2231 4391 2305 4459 ex·

758 4508 790 4559 n·
810 4479 960 4563 tremis·
973 4476 1196 4588 vilibusque
1224 4483 1452 4582 creanrris,
1478 4502 1525 4565 ut
1539 4473 1671 4583 ,⁰crlm
1696 4484 1817 4597 longe
1834 4482 1946 4567 aliud
1966 4479 2070 4580 fint,
2095 4484 2216 4592 quim
2245 4480 2305 4564 est
2345 4558 2366 4593 ‚

758 4632 785 4676 n
810 4595 921 4702 ipse,
943 4596 1022 4680 hoc
1043 4619 1183 4683 tamen
1206 4622 1404 4711 generant
1425 4598 1536 4711 quod
1558 4598 1648 4683 sunt
1671 4601 1778 4711 ipsae.
1802 4602 1894 4685 Nec
1915 4598 2122 4684 attenditis
2153 4660 2168 4701 ,
2202 4596 2304 4709 quid

756 4751 784 4793 υ
809 4710 905 4794 mali
925 4710 1097 4811 dicatis,
1130 4735 1205 4814 ut,
1228 4716 1323 4799 clun
1337 4718 1525 4816 homines
1548 4722 1729 4803 &canes
1748 4725 1789 4803 dc
1811 4712 2212 4823 caetera'lrnjusmodi
2232 4716 2304 4799 ha·
2447 4759 2459 4786 ·

758 4870 783 4910 n
807 4828 931 4913 beant
942 4822 1049 4912 filios
1062 4856 1206 4931 veros,
1229 4858 1331 4943 quos
1355 4836 1431 4919 illis
1452 4836 1717 4949 gignentibus
1731 4859 1843 4921 creat
1860 4836 2034 4935 veritas,
2057 4863 2140 4919 non
2159 4832 2209 4920 fit
2226 4862 2302 4917 ve-
2390 4919 2394 4927 ,

755 4987 784 5027 n
808 4974 877 5033 rus
900 4943 987 5029 Dei
1008 4946 1135 5031 Filius
1158 4947 1241 5057 ipsa
1261 4953 1410 5037 veritas
1431 4994 1473 5037 n.
1496 4956 1555 5036 Et
1575 4954 1644 5039 lib.
1671 4982 1708 5037 2.
1733 4982 1822 5065 cap.
1843 4962 1883 5037 6.
1906 4952 2058 5038 adhoc
2080 4951 2192 5037 idem
2214 4952 2302 5034 ait:

682 5126 685 5131 .
757 5104 784 5145 n
808 5062 1152 5175 Quandoquidem
1170 5086 1396 5158 creaturam
1416 5070 1729 5180 corruptibilem
1751 5072 1945 5170 cernitis,
1984 5070 2063 5158 hoc
2088 5067 2198 5181 quod
2216 5068 2302 5178 ipsa

755 5220 782 5267 rs
805 5184 863 5265 est
883 5180 1051 5297 gignere
1071 5180 1219 5307 saonem
1231 5185 1381 5289 suum,
1399 5194 1444 5274 dr
1463 5179 1606 5275 mun
1628 5188 1794 5277 Patrem
1817 5190 2145 5299 omnipotentem
2165 5182 2301 5274 credi-
