5150 6667
742 654 1191 743 DISSERT.
1251 655 1338 741 11.
1401 656 1440 767 §.
1500 659 1607 769 IV,
1721 710 1725 715 ’
1872 665 1948 751 281
2065 654 2068 658 ’

460 800 619 889 XLIII.
650 802 752 884 Haec
771 796 888 908 plane
922 797 1033 881 Lulli
1060 795 1241 879 dolerina
1263 794 1314 880 de
1340 798 1525 906 inaequali
1546 800 1661 885 lucro
1694 800 1955 919 indulgentiae

400 950 478 1037 pro
498 919 683 1031 inaequali
701 921 791 1002 adiu
813 912 1039 1014 charitatis,
1063 912 1250 1023 adquam
1269 907 1480 998 reducitur
1501 937 1612 1001 totus
1632 919 1750 1025 hujus
1773 928 1958 1031 quaestio-

401 1044 462 1127 nis
478 1059 693 1127 contextus
717 1030 785 1136 ‚fi
799 1034 946 1117 nonab
962 1030 1179 1131 omnibus,
1202 1032 1439 1142 dplerisque
1460 1056 1597 1120 tamen
1617 1036 1868 1125 Donoribus
1892 1072 1970 1140 ca-¹

401 1160 561 1245 tholicis
580 1152 822 1269 profitetur,
848 1166 896 1235 ut
913 1148 1043 1235 videri
1055 1152 1189 1261 potest
1209 1149 1318 1261 apud
1339 1151 1516 1254 Amort,
1535 1158 1648 1236 trad.
1670 1153 1720 1239 de
1735 1156 1960 1272 Indulgen-

321 1272 324 1279 ’
402 1280 492 1379 tiis,
507 1298 611 1389 part.
635 1306 672 1359 z.
696 1276 788 1359 seit.
808 1296 844 1379 3.
859 1270 931 1353 ubi
943 1270 1063 1353 variae
1077 1268 1335 1369 adducuntur
1345 1270 1661 1384 Theologorum
1674 1274 1885 1359 sententiae
1908 1282 1960 1363 de

402 1395 665 1510 indulgentiis
685 1451 699 1494 ,
718 1420 771 1477 ex
792 1389 936 1499 quibus
971 1415 1100 1499 pauca
1127 1386 1348 1479 adducam3
1364 1388 1423 1476 ibi
1441 1391 1551 1473 enim
1565 1421 1710 1492 ,.num.
1732 1388 1962 1481 &sendus

402 1517 614 1628 Raymun.
638 1510 688 1595 de
713 1506 938 1594 Pennefort
953 1506 1091 1591 scribit
1111 1537 1120 1586 :
1144 1508 1344 1591 Sciendum
1367 1506 1418 1614 esl
1437 1535 1562 1591 aurem
1585 1498 1688 1620 qudd
1706 1510 1962 1614 majoritas&

388 1636 601 1725 ‚minoritas
622 1626 840 1739 remiffiorris
853 1626 1085 1733 poenitentia
1103 1625 1309 1707 attenditur
1321 1623 1529 1734 secundum
1547 1630 1622 1709 tria
1637 1689 1651 1729 ‚
1666 1626 1812 1739 seilicet
1823 1630 1965 1741 secun-

403 1754 493 1836 diim
531 1748 709 1855 majorem
747 1742 788 1830 {a
813 1745 992 1827 minorem
1037 1743 1269 1825 devotionem
1299 1742 1412 1852 ipfius
1441 1747 1690 1853 penitentis,
1729 1753 1808 1833 &c.
1851 1779 1966 1833 nunt.

412 1900 476 1953 11.
503 1860 669 1952 Sanltur
692 1865 916 1948 Bonavent.
941 1861 982 1983 in
1003 1889 1045 1961 4.
1071 1836 1156 1943 dist.
1193 1890 1259 1943 20.
1283 1887 1325 1969 p.
1350 1890 1386 1943 2.
1412 1871 1451 1971 q.
1478 1868 1516 1943 6.
1536 1863 1592 1947 ait
1614 1897 1625 1962 ;
1649 1865 1822 1951 Concedo
1846 1871 1963 1979 igitur

353 2033 358 2043 ι
405 1989 508 2100 qudd
526 1984 769 2099 indulgentiae
785 2006 965 2093 quantum
985 2008 1035 2062 ex
1045 2000 1155 2087 parte
1170 1978 1303 2061 dantis
1319 2039 1333 2079 ,
1350 2004 1494 2063 tantum
1514 1981 1642 2065 valent
1659 2011 1846 2093 ,quantum
1865 2018 1964 2095 pro-

404 2094 583 2205 mittunt,¹
593 2104 696 2214 ficut
716 2101 921 2211 ostendum,
930 2100 1068 2207 printee
1089 2098 1276 2205 rationes:
1291 2096 1452 2182 concedo
1474 2100 1748 2202 nibilominus,
1769 2102 1875 2214 qudd
1883 2107 1967 2216 cui·
1997 2142 2003 2153 ·

402 2224 494 2307 libet
507 2223 637 2307 valern
653 2246 799 2305 tantum
815 2278 829 2320 ,
847 2248 916 2301 nec
936 2214 1133 2327 aqualiter
1145 2216 1340 2316 omnibus,
1351 2214 1633 2328 sedsecurrdrlm
1649 2221 1963 2327 existimationem

402 2342 483 2445 ejus
498 2401 511 2445 ,
526 2348 639 2454 quarn
658 2340 793 2427 babuit
815 2334 876 2423 vel
901 2338 1039 2421 habere
1061 2334 1209 2436 debuit,
1227 2336 1293 2446 qui
1308 2333 1581 2445 indulgentiam
1596 2337 1725 2447 fecit,
1747 2367 1859 2453 quam
1882 2371 1961 2424 non

403 2462 564 2569 oportuit
590 2461 797 2567 exprimere
820 2489 837 2559 ;
864 2456 954 2567 quia
981 2482 1111 2537 omnes
1133 2452 1287 2535 Fideles
1309 2454 1445 2571 debent
1465 2454 1564 2537 illud
1582 2458 1622 2538 in
1655 2459 1763 2539 corde
1785 2458 1964 2570 praefisu-

398 2608 561 2687 ponere,
580 2579 683 2693 qudd
715 2570 899 2675 domm&
920 2570 1186 2682 miserationes¹
1201 2572 1338 2655 Sentii
1359 2572 1523 2681 Spiritus
1544 2574 1837 2659 dementatam
1856 2610 1965 2689 aquo

388 2684 601 2779 'libramine
620 2728 637 2797 ;
655 2724 724 2777 nec
744 2698 815 2777 lroc
831 2693 942 2775 debet
957 2690 1119 2801 aliquem
1137 2690 1187 2771 al
1203 2692 1265 2771 leis
1278 2693 1495 2791 retrahere,
1516 2694 1615 2804 quia·
1620 2690 1768 2803 semper
1777 2696 1877 2811 pleis
1890 2726 1965 2793 va-

406 2816 483 2899 lent
497 2874 510 2913 ,
514 2813 554 2923 st
574 2812 793 2921 leomofitin
816 2811 998 2893 cdaritdte
1014 2867 1027 2908 ,
1046 2808 1159 2921 qudm
1180 2806 1308 2891 ualeat
1323 2806 1536 2921 obftquium
1559 2870 1573 2909 ‚
1604 2812 1667 2893 ael
1689 2809 1802 2894 aliud
1815 2815 1967 2927 aliquid

399 2962 471 3041 pro
493 2960 566 3043 quo
589 2931 822 3041 indulgentia
836 2926 1052 3011 conceditur
1074 2921 1115 3009 fa
1131 2925 1322 3028 donatur,·
1340 2956 1452 3009 num.
1470 2953 1534 3036 13.
1553 2930 1962 3017 InnocentiusV.seu

404 3050 553 3135 Petrus
576 3047 627 3133 de
651 3044 889 3133 Tarantafio
904 3046 945 3141 in
960 3072 1003 3145 4.
1025 3046 1123 3127 sent.
1139 3043 1225 3127 dist.
1246 3073 1312 3127 20.
1329 3072 1366 3153 q.
1397 3070 1432 3153 3.
1448 3066 1521 3128 ert.
1536 3055 1583 3155 ⁴3.
1607 3048 1818 3159 postquam
1833 3048 1960 3153 dixit,

406 3167 518 3279 qubd
535 3166 672 3253 valent
690 3164 952 3277 indulgentiae
975 3162 1017 3245 in
1040 3164 1079 3245 se
1103 3182 1300 3271 qua-ntum
1322 3164 1464 3247 sonant
1486 3194 1497 3257 ;
1522 3168 1564 3249 δι
1586 3164 1665 3252 hoc
1682 3168 1890 3275 quomodo
1911 3168 1962 3254 fit

407 3284 835 3396 explicuitesubjungit
849 3314 859 3363 ι
873 3282 976 3391 Quia
993 3283 1079 3364 verd
1093 3284 1204 3363 ae‘lus
1220 3284 1432 3365 ac‘livorum
1455 3312 1530 3365 non
1542 3280 1635 3391 fient
1654 3284 1726 3394 nifi
1739 3287 1957 3393 impatiente

361 3464 368 3479 .
406 3403 577 3514 dispofito
599 3462 614 3503 ‚
636 3404 719 3485 ideo
732 3433 807 3485 uon
832 3398 1215 3511 valentimdulgerrtiae
1234 3402 1409 3484 omnibus
1425 3402 1646 3512 aqualiter,
1663 3400 1738 3512 sed
1748 3402 1961 3513 secundd'm

403 3520 602 3635 quodfimt
618 3522 742 3630 magis
764 3518 827 3603 vel
846 3518 972 3601 mimis
989 3514 1156 3628 defimfiti
1167 3548 1239 3626 per
1260 3522 1428 3603 merirum
1444 3520 1707 3629 redemptionis
1713 3552 1864 3629 penna,
1880 3555 1960 3608 nore

403 3640 616 3749 adeptionis
635 3642 736 3722 vitia.
758 3636 870 3721 Unde
881 3636 986 3746 ficut
999 3664 1070 3736 40.
1085 3638 1166 3719 dies
1173 3639 1406 3745 paenitentia
1419 3637 1512 3746 pleis
1532 3639 1660 3723 ualeret
1677 3642 1964 3751 uniperficienee‘

403 3790 484 3842 eam
507 3788 589 3841 cum
613 3754 751 3859 majori
762 3754 919 3866 fervore
934 3750 974 3839 Cr
992 3754 1120 3838 labore
1139 3814 1154 3855 ,
1175 3786 1287 3865 quam
1306 3757 1444 3857 alteri,
1461 3760 1530 3869 qui
1543 3789 1627 3840 cum
1641 3760 1777 3841 minori
1794 3795 1806 3840 .·
1825 3762 1879 3842 ita
1895 3762 1960 3843 di-

292 3961 302 3985 ,
404 3910 445 3963 co
468 3876 570 3987 qudd
584 3904 655 3977 40.
667 3875 756 3957 'dies
772 3874 1016 3981 indulgentia
1035 3872 1129 3980 plds
1147 3874 1275 3957 valent
1288 3875 1349 3957 illi
1362 3934 1375 3973 ,
1389 3877 1454 3986 qui
1458 3872 1503 3983 fia
1521 3878 1644 3985 magis
1657 3876 1714 3957 ad
1727 3905 1809 3957 eam
1828 3876 1963 3987 dispo-

265 3990 297 4037 1'
407 3999 489 4095 nit,
520 3994 657 4095 majori
667 3990 813 4103 seilicet
833 3990 1016 4103 fervore,
1050 3988 1090 4077 δ’
1117 3992 1273 4093 labore,
1292 3991 1361 4104 seu
1379 3990 1590 4106 afflie'lione
1609 4051 1623 4093 ,
1637 3990 1706 4101 seu
1734 3992 1816 4077 dati
1833 4026 1963 4106 quan-

407 4118 518 4215 itate‘,
538 4118 619 4197 dec.
1044 4210 1054 4233 ι
1395 4156 1398 4160 f
1657 4123 1687 4179 ἶ
2039 4122 2053 4185 ¹·

465 4231 620 4317 XLIV.
640 4228 777 4314 Etiam
796 4227 879 4330 ui,
898 4256 1011 4313 num.
1039 4254 1075 4339 3.
1100 4228 1330 4315 Richetdus
1355 4227 1406 4316 de
1428 4226 1566 4316 Media
1582 4228 1719 4331 Villa,
1747 4228 1788 4314 in
1811 4230 1960 4333 editt.

410 4378 477 4433 20.
503 4352 635 4460 quZaest.
657 4374 692 4459 3.
709 4370 782 4431 art.
803 4372 839 4459 3.
864 4351 998 4457 quaest.
1023 4378 1060 4433 2.
1081 4348 1181 4433 dicit
1197 4350 1431 4433 :Dicendum
1446 4352 1551 4463 qud'd
1562 4336 1618 4432 ad
1632 4347 1960 4462 remiffioriemex-

405 4469 580 4581 tenfionis
596 4498 720 4576 panae
734 4495 851 4575 pares
865 4464 958 4576 fient
979 4466 1071 4569 ille,
1092 4470 1157 4580 qui
1171 4468 1296 4551 minus
1309 4471 1398 4570 dat,
1415 4467 1533 4555 &ille
1550 4472 1620 4579 qui
1620 4468 1725 4576 plus.
1742 4470 1827 4551 Sed
1831 4468 1980 4582 quan-⁹

405 4615 480 4670 turn
503 4588 560 4669 ad
583 4582 821 4697 remiffionem
845 4584 1063 4696 inteafiorzis
1077 4618 1205 4695 pana
1227 4620 1244 4689 a·
1268 4584 1308 4671 G*
1329 4613 1511 4699 quantum
1526 4588 1585 4684 ad
1592 4586 1659 4695 firi
1682 4586 1954 4698 daspofitionem

403 4708 459 4789 ad
472 4707 720 4813 recipiendum
734 4729 973 4813 augmentum
984 4707 1148 4815 gratia,
1170 4708 1333 4814 impares
1347 4704 1451 4815 fiant.
1475 4706 1520 4787 N
1519 4705 1561 4788 ec
1572 4732 1727 4815 propter
1746 4710 1820 4790 doc
1828 4707 1963 4821 ftqur'-

404 4852 467 4909 tur
484 4824 591 4935 quo'd
606 4848 751 4908 tantum
773 4823 981 4906 remittatur
1001 4824 1069 4905 urzi
1087 4824 1133 4907 de
1145 4826 1392 4931 punitentia,
1415 4849 1594 4934 quantum
1612 4826 1711 4927 alii,
1729 4829 1816 4936 quia
1829 4816 1957 4932 peani-

404 4944 520 5028 tentia
541 4942 654 5025 unius
671 4942 771 5023 anni
784 4942 823 5021 ire
845 4942 918 5023 liae
941 4944 1019 5025 vita
1032 4972 1109 5025 non
1128 4967 1271 5025 tantum
1292 4942 1393 5024 valet
1410 4941 1495 5043 illi,
1517 4947 1582 5055 qui
1602 4972 1683 5054 eam
1698 4942 1870 5051 saci'tex
1883 4944 1962 5033 mi-

404 5063 490 5146 nori
510 5062 706 5143 eharitatis
717 5058 901 5168 fervore,
924 5056 966 5145 δ’
987 5059 1169 5174 remrffam
1185 5122 1198 5161 ,
1215 5058 1316 5169 ficut
1337 5060 1403 5142 illi
1420 5062 1485 5172 qui
1506 5092 1586 5143 eam
1597 5058 1701 5168 facit
1717 5058 1970 5166 edomari,-

406 5177 446 5264 ἃ
466 5176 652 5289 asperam.
673 5172 902 5263 Videantur
923 5176 1075 5261 eidem
1097 5178 1184 5276 elii,
1204 5178 1272 5286 qui
1292 5178 1436 5284 majori
1455 5176 1610 5261 fervori
1632 5184 1672 5260 ὅ(
1689 5176 1875 5261 charitati
1890 5202 1957 5265 at-

404 5298 592 5499 “mit
608 5294 1018 5499 rneljtrlslindulgentiae
1038 5298 1222 5388 Lucrtun
1243 5316 1290 5381 ut
1312 5297 1576 5433 Raynerius,
1596 5296 1742 5507 Ρεῑτῆε
1765 5287 1968 5412 ἃςΡὸῙῄ..

564 5444 640 5498 orn.
763 5476 778 5497 .
1747 5448 1775 5512 ῃ
1897 5463 1904 5475 .
