5150 6667
704 558 707 563 ⁸
797 624 886 725 tu
944 600 1244 695 ummo.
1289 584 1517 697 nunt.
1553 582 1708 682 ron.
1752 592 1851 680 111.
1889 586 2048 681 nna.
2083 594 2174 685 tv.

794 750 878 862 ipfit
890 747 1023 862 formo
1041 742 1426 856 tnfhmnnominem
1449 740 1494 824 de
1516 738 1749 823 humanitate
1773 736 1793 843 (
1817 738 1961 857 melitis
1993 736 2034 821 in
2063 734 2240 847 quodam
2265 764 2363 822 ma*

797 870 1005 979 nuscripto
1028 898 1039 947 t
1062 866 1254 977 Quoniam
1275 862 1387 944 Deus
1405 855 1549 969 esttpfiz
1557 854 1689 969 fitrmu
1709 916 1723 959 ‚
1746 855 1788 945 t«
1808 856 1990 967 informor
2012 864 2031 969 )
2055 854 2296 967 informando
2307 854 2352 967 se

795 977 982 1073 nominem
1008 1018 1017 1066 :
1041 982 1083 1072 ἃ
1092 982 1154 1093 ste
1169 982 1254 1065 dico
1273 1038 1293 1081 ‚.
1309 978 1413 1091 quod
1430 1008 1507 1085 uno
1530 974 1721 1089 estfhrntu
1743 979 1790 1072 in¹
1804 972 1977 1087 Christo,
1995 972 2043 1061 ἅ.
2055 974 2124 1059 illo
2146 976 2198 1083 εβ
2212 974 2352 1077 divina
2467 1062 2468 1065 a

796 1102 963 1206 notura,
986 1134 1075 1217 qun
1088 1130 1173 1184 curn
1196 1099 1299 1181 Filio
1320 1099 1397 1181 D'tt'
1418 1096 1673 1196 convenitur,
1695 1096 1780 1179 crint
1792 1092 1874 1205 fint
1889 1095 1986 1178 idem
2009 1098 2184 1186 numert53
2205 1124 2355 1177 venem-

640 1290 646 1299 ·
796 1235 944 1324 tomen,
963 1246 1005 1306 nt
1017 1246 1157 1305 notura
1176 1221 1346 1299 hnmano
1364 1214 1400 1297 C
1397 1214 1503 1321 bristi
1515 1242 1590 1296 nort
1603 1212 1659 1323 fit
1678 1214 1724 1296 de
1745 1216 1883 1298 minori
1903 1212 2114 1299 conditione
2132 1216 2243 1326 purim
2258 1214 2357 1309 olio

797 1366 879 1426 rum
897 1335 1118 1437 boninum,
1137 1335 1268 1447 formu
1289 1336 1538 1419 humanitatis
1559 1356 1726 1416 remanet
1743 1332 1894 1419 realiter
1914 1334 1953 1415 in
1977 1331 2044 1415 illo
2055 1328 2242 1443 firppofito
2257 1390 2270 1433 ,
2282 1330 2357 1443 sed

791 1458 944 1570 pffrl,
955 1456 1114 1572 paffeffo
1125 1452 1199 1564 fieb
1208 1452 1341 1564 formu
1364 1453 1497 1541 divina
1520 1497 1548 1552 ,ι
1557 1450 1766 1565 secundum
1787 1452 1933 1537 tertium
1944 1447 2106 1561 speciem
2119 1452 2279 1562 Regulo
2299 1453 2353 1535 D.

798 1580 1069 1663 Verumtamen
1089 1633 1102 1675 ,
1112 1570 1152 1682 ſs
1169 1575 1209 1656 in
1227 1572 1356 1683 aliquo
1374 1600 1443 1680 ego
1458 1572 1583 1654 erravi
1602 1570 1641 1651 in
1663 1569 1733 1677 islo
1749 1570 1970 1682 quastione,
1986 1570 2047 1653 vel
2062 1570 2153 1654 aliis
2173 1572 2220 1655 de
2242 1572 2353 1673 Deo,

790 1721 882 1812 peto
899 1693 1208 1780 coneilionernri
1231 1691 1465 1773 Honoribus
1487 1690 1643 1773 Sanun
1664 1688 1843 1799 Ecclefiae
1858 1691 2057 1774 Romanu.

844 1814 939 1901 .111.
958 1811 1028 1896 Ex
1045 1804 1330 1921 propofittone
1355 1806 1584 1917 qttaestionis
1607 1803 1990 1918 ejusque'solutione
2005 1804 2246 1920 intelligitur
2263 1806 2354 1893 seo·
2467 1868 2468 1879 r

799 1932 865 2013 sus
886 1955 1059 2031 eorum,
1083 1955 1171 2038 quae
1194 1926 1480 2018 difficultatem
1502 1926 1688 2039 ingerere
1709 1926 1902 2013 videntur
1921 1956 1931 2017 ;
1956 1956 2050 2011 nam
2073 1928 2240 2037 quaestio
2264 1926 2355 2037 sup·

660 2038 665 2048 ⁸
798 2047 950 2159 ponit,
977 2047 1089 2159 quod
1111 2046 1297 2134 Christus
1320 2048 1379 2131 est
1402 2075 1529 2134 unum
1552 2042 1804 2155 suppofitum
1825 2074 1878 2133 ex
1900 2043 2055 2133 duabus
2073 2046 2259 2146 naturis,
2279 2043 2355 2131 sci-

800 2168 902 2254 licet
917 2164 1087 2268 divina,
1116 2170 1157 2251 δι
1179 2165 1387 2265 humane,
1409 2186 1455 2249 ut
1474 2158 1671 2250 catholica
1695 2162 1819 2251 docet
1841 2160 2024 2251 Ecclefia
2046 2195 2057 2259 ς
2086 2164 2181 2275 quia
2197 2165 2297 2251 vero
2317 2163 2354 2249 in

802 2284 986 2397 quolibet
1006 2314 1089 2371 uno
1112 2312 1167 2371 ex
1188 2284 1326 2369 multis
1342 2285 1503 2394 semper
1520 2281 1672 2392 aliquid
1693 2286 1777 2386 est,
1806 2283 1948 2395 qnod,
1976 2282 2028 2369 ad
2049 2283 2225 2369 modum
2240 2283 2355 2369 uniut

800 2399 1024 2517 phyficile
1046 2404 1169 2489 habet
1187 2420 1380 2513 tanquam
1393 2400 1524 2489 forma
1539 2461 1553 2504 ‚
1567 2401 1610 2485 id
1627 2404 1699 2503 est,
1713 2424 1906 2514 tanquam
1919 2400 2196 2515 determinans
2216 2408 2258 2489 ἃ
2271 2424 2353 2489 tta-
2466 2422 2468 2447 ¹

800 2523 905 2609 hena
925 2542 1074 2609 cetera
1095 2520 1148 2609 ad
1173 2520 1284 2607 illam
1306 2522 1507 2611 unitatem
1525 2551 1536 2613 ε
1568 2519 1669 2605 illud
1686 2522 1868 2623 scilicet,
1895 2520 2007 2632 quod
2027 2524 2281 2634 precipuum
2300 2523 2353 2607 est
2467 2570 2468 2625 5

802 2645 847 2727 ἀ
867 2641 1093 2752 principale
1108 2641 1150 2725 in
1173 2640 1242 2728 illo
1256 2667 1368 2742 uno,
1384 2642 1438 2725 ita
1456 2661 1503 2726 ut
1524 2638 1625 2723 illud
1647 2668 1767 2754 agere
1789 2640 2006 2744 videatur,
2026 2646 2067 2728 δι
2091 2642 2166 2727 alia
2186 2643 2273 2753 pati
2289 2642 2354 2727 sub
2467 2636 2468 2653 ‘

801 2759 919 2870 ipso,
941 2756 1216 2862 admodum,
1244 2760 1327 2871 qut
1351 2760 1393 2843 in
1416 2784 1499 2844 uno
1523 2754 1696 2870 phystco
1710 2757 1842 2845 forma
1861 2760 2144 2875 tantumagit,
2173 2766 2214 2847 δι
2236 2782 2358 2847 mate·

801 2878 863 2961 ria
880 2879 1062 2989 patitur,
1086 2874 1222 2965 forme
1243 2877 1543 2964 determinante
1568 2878 1779 2965 materiam
1800 2878 1851 2963 ad
1872 2908 2001 2965 unum
2018 2876 2100 2965 effe
2121 2876 2356 2993 phyficum:

800 2994 899 3082 ideo
920 2999 1056 3083 sensus
1075 2997 1304 3108 quaestionis
1323 2999 1407 3099 est,
1427 2995 1525 3107 quid
1538 2998 1577 3081 se
1592 2996 1738 3083 habeat
1756 2982 1948 3125 tanquam
1961 2994 2094 3084 forma
2111 2998 2152 3085 in
2170 2996 2358 3099 Christo,

802 3114 875 3225 qui
895 3118 954 3201 est
974 3146 1103 3203 unum
1124 3113 1381 3227 suppofitum
1403 3145 1455 3202 ex
1475 3112 1628 3199 duabus
1652 3117 1803 3201 naturis
1823 3146 1833 3209 ς
1859 3120 1902 3205 ὁ(
1925 3118 2018 3228 quia
2039 3116 2295 3228 precipuum
2317 3121 2362 3201 δι

801 3234 1064 3346 principale,
1089 3234 1206 3347 quod
1220 3236 1280 3321 est
1302 3235 1345 3321 in
1368 3232 1561 3335 Christo,
1584 3235 1641 3322 est
1663 3234 1790 3319 Filius
1818 3232 1932 3342 Dei,
1958 3235 2027 3348 qui
2051 3238 2108 3320 est
2130 3236 2212 3349 ipsa
2224 3234 2363 3320 divina

801 3374 975 3449 naturae
999 3354 1084 3465 ipse
1105 3354 1219 3440 enim
1239 3352 1370 3439 Pilius
1390 3352 1477 3437 Dei
1501 3348 1574 3437 fibi
1596 3354 1726 3438 univit
1748 3355 1965 3439 humanam
1991 3377 2206 3457 naturam,
2232 3360 2271 3441 ἃ
2309 3353 2360 3439 de

800 3470 888 3581 ipsa
907 3472 948 3556 se
970 3470 1070 3557 fecit
1084 3473 1326 3574 hominem,
1355 3473 1412 3557 it'e
1431 3470 1676 3557 uthumana
1695 3494 1866 3575 nattna,
1891 3471 1989 3559 licet
2007 3470 2056 3557 fit
2072 3480 2180 3559 vera
2195 3471 2364 3560 effentia

803 3596 847 3677 &
868 3590 1224 3691 somnolentam,
1244 3586 1350 3675 ficut
1371 3590 1547 3675 aliorum
1559 3590 1774 3675 hominum
1792 3649 1807 3694 ‚
1825 3590 1971 3703 paffive
1984 3592 2181 3691 sehabuit
2198 3594 2270 3677 sub
2289 3592 2323 3677 F
2328 3592 2364 3685 i-

800 3706 857 3794 lio
876 3710 986 3813 Dei,
1006 3710 1097 3822 quia
1121 3707 1172 3795 de
1197 3711 1237 3794 se
1260 3714 1375 3797 &ex
1396 3708 1564 3819 propria
1579 3709 1732 3795 virtute
1755 3708 1975 3796 nonhabet
1995 3708 2367 3808 facereillumho·

800 3830 988 3933 minem,
1011 3830 1080 3940 qui
1095 3832 1154 3917 eli
1175 3826 1321 3929 Deua,
1350 3824 1419 3911 sed
1434 3825 1486 3910 de
1508 3825 1593 3937 ipsa
1614 3825 1812 3938 affumpta
1827 3889 1841 3930 ,
1856 3828 1983 3913 Filius
1993 3827 2080 3913 Dei
2100 3826 2140 3913 se
2155 3824 2258 3913 feeit
2278 3828 2367 3913 ho-

620 4013 628 4035 s
655 4043 659 4049 ,
800 3949 958 4033 minem
978 3980 990 4033 ε
1013 3948 1109 4036 ideo
1128 3947 1305 4049 dicitur,
1326 3944 1437 4055 quod
1452 3942 1612 4047 forma,
1636 3945 1679 4031 id
1700 3950 1777 4047 est,
1792 3948 1835 4033 id
1848 3944 1959 4057 quod
1972 3947 2011 4033 se
2024 3944 2147 4031 hahet
2161 3965 2363 4102 tanguam

799 4058 936 4147 forma
957 4066 998 4147 in
1020 4064 1209 4166 Christo,
1233 4068 1289 4152 est
1308 4065 1343 4149 F
1347 4064 1437 4149 ilius
1455 4064 1569 4167 Dei,
1593 4064 1663 4175 qui
1678 4068 1735 4151 est
1753 4066 1835 4177 ipse
1851 4064 1988 4151 divina
2010 4086 2164 4150 neutra.

756 4256 762 4268 .
859 4180 938 4267 1V.
962 4182 1089 4265 Nunc
1108 4180 1227 4266 facile
1250 4182 1423 4297 intelligi
1445 4180 1609 4294 pol—lunt
1631 4184 1698 4268 illa
1721 4186 1868 4287 vet'oa,
1889 4213 1980 4295 quae
1995 4181 2280 4272 difficultatem
2294 4180 2358 4269 iu-

799 4324 946 4411 gerere
967 4294 1188 4399 videntur,
1212 4305 1253 4385 ἀ
1268 4326 1358 4412 quae
1378 4300 1539 4387 Censor
1552 4304 1780 4397 annotatt-itt
1807 4310 1848 4391 ἂ
1870 4302 2055 4416 pendent
2073 4330 2126 4389 ex
2144 4300 2209 4385 illa
2226 4300 2366 4411 prima

662 4497 666 4502 ,
799 4412 1083 4527 propositione
1105 4416 1216 4503 Lulli
1234 4450 1244 4500 :
1263 4421 1373 4502 Deus
1384 4418 1522 4530 fitdm
1543 4420 1595 4529 est
1612 4424 1723 4507 homo
1744 4424 1792 4507 de
1814 4448 1952 4509 natura
1974 4426 2146 4507 Ιιυινιαηα
2164 4423 2204 4503 t'u
2225 4420 2361 4503 divino

792 4532 1015 4647 firppofito‚
1037 4564 1128 4647 quae
1141 4535 1262 4622 estad
1278 4535 1435 4621 sensum
1455 4540 1639 4623 omnium
1661 4532 1974 4627 Catholicorum
1987 4600 2002 4642 ,
2016 4537 2067 4625 ad
2081 4566 2206 4650 quam
2216 4560 2359 4625 tamn
2467 4604 2468 4633 f

797 4681 886 4739 non
902 4653 1067 4739 videtur
1084 4654 1244 4742 Censor
1262 4652 1476 4742 advertiss'e
1496 4689 1506 4741 τ
1529 4686 1582 4743 ex
1600 4686 1647 4745 ea
1668 4660 1781 4747 enim
1803 4660 2044 4774 intelligitur
2061 4658 2234 4768 sequens
2257 4684 2362 4767 pro·-
2466 4750 2468 4769 A

796 4769 950 4886 pofitio
971 4772 1188 4876 adnotata,
1220 4772 1406 4860 scilicet:
1430 4779 1483 4861 itu
1505 4778 1609 4889 quod
1626 4780 1844 4863 humanitus
1863 4781 1903 4862 in
1927 4777 2172 4885 Citristonon
2194 4776 2264 4861 dot
2285 4770 2360 4891 effe

796 4895 1003 4985 humanum
1022 4953 1036 4994 ,
1057 4896 1128 4976 ltoc
1148 4894 1213 5001 est,
1234 4924 1310 4979 non
1327 4892 1433 5006 facit
1452 4898 1638 4981 leontirtern
1663 4957 1676 4997 ,
1689 4895 1763 5008 fed
1775 4894 2004 5009 fitppofiturn
2027 4896 2200 4981 ditinum
2220 4896 2266 4979 de
2282 4921 2364 4978 utt-

797 5035 884 5095 tnro
905 5014 1073 5095 innunt
1084 5009 1189 5121 fucit
1207 5014 1393 5096 nominem
1407 5072 1421 5114 ,
1436 5011 1620 5125 furiendo
1635 5013 1680 5122 se
1699 5019 1885 5101 hominem
1901 5046 1975 5127 per
1993 5017 2294 5115 humanitatem,
2312 5040 2364 5098 ex
2467 5080 2468 5115 ;

795 5156 873 5239 quo
891 5128 944 5235 ιβ
962 5132 1072 5239 nonu
1094 5162 1108 5211 .·
1130 5127 1373 5238 supponitur
1392 5130 1568 5218 enimin
1590 5130 1754 5218 Christo
1776 5164 1873 5221 vera
1886 5131 2146 5235 humanitas,
2169 5136 2210 5217 ἀ
2230 5132 2291 5216 ita
2317 5151 2366 5218 ut

794 5243 917 5335 Duo
936 5272 1014 5360 per
1033 5245 1328 5339 humanitatem
1352 5250 1393 5334 se
1414 5246 1514 5337 iacit
1534 5248 1782 5361 hominem,
1805 5258 1847 5357 ot
1870 5250 1983 5367 quod
2016 5280 2071 5340 en
2100 5244 2362 5341 humanitate
2467 5360 2468 5365 Ν
