5150 6667
541 732 571 751 «
677 628 1488 808 praesumus-ry
1759 630 1822 809 '79

275 868 304 925 n
327 843 440 925 suam
462 862 650 951 magnam
664 834 987 934 amabilitatem,
1008 838 1050 918 ἃ
1067 860 1144 944 per
1161 834 1574 943 consequens-contra
1593 837 1702 921 suam
1717 859 1832 955 mag-

274 1002 303 1042 „
327 988 424 1043 nam
450 955 710 1062 bonitatem,
736 954 962 1052 virtutem,
985 955 1066 1035 &c
1084 950 1197 1061 quod
1214 953 1271 1035 est
1292 946 1436 1036 salsum
1459 1012 1473 1052 ,
1498 959 1539 1038 ὅ(
1560 952 1831 1064 impoffibile,

277 1121 303 1160 rt
329 1104 405 1161 nec
429 1075 513 1158 ullo
538 1071 666 1157 modo
685 1074 743 1157 est
757 1070 1011 1185 intelligibile
1035 1100 1044 1151 ε
1065 1090 1166 1182 ergo
1187 1068 1483 1174 concluditur,
1516 1072 1628 1182 qubd
1659 1075 1837 1161 charitas

276 1240 303 1278 η
328 1197 370 1280 in
391 1192 525 1288 anima
543 1188 594 1275 stt
611 1188 764 1300 aliquid
777 1211 976 1275 creatum.

335 1314 416 1397 III.
440 1306 567 1395 Plane
589 1310 632 1393 in
650 1310 733 1393 ·hoc
757 1328 876 1393 textu
894 1336 977 1391 non
1001 1307 1135 1420 agitur
1152 1300 1227 1389 nist
1250 1303 1302 1390 de
1339 1334 1479 1393 amore
1503 1310 1830 1419 supernaturali,

277 1462 360 1543 quo
379 1452 536 1515 amatur
553 1428 673 1526 Deus
691 1424 916 1525 secundum
934 1426 1044 1508 suam
1073 1426 1303 1534 supremam
1339 1427 1629 1512 amabilitatem
1651 1489 1665 1531 ,
1698 1428 1832 1538 quoad

277 1554 392 1634 suam
413 1550 644 1659 supremam
665 1543 927 1645 bonitatem,
949 1543 1173 1643 virtutem,
1196 1546 1275 1627 &c
1304 1543 1526 1629 secundum
1554 1542 1675 1656 quam¹
1693 1548 1830 1656 requi-

276 1669 382 1752 ritur
404 1666 446 1749 in
480 1665 692 1749 voluntate
725 1688 871 1775 magna
898 1660 1167 1780 amativitas,
1195 1661 1265 1744 seu
1286 1661 1414 1747 virtus
1443 1665 1753 1773 proportionata
1780 1664 1832 1749 ad
1945 1754 1949 1765 ,

97 1749 99 1869 l
276 1784 526 1875 amandum
554 1784 640 1867 haec
660 1802 799 1864 autem
820 1780 978 1878 virtus,
1001 1780 1082 1888 qud
1101 1778 1290 1861 voluntas
1323 1778 1508 1863 redditur
1532 1784 1704 1893 amativa
1727 1844 1740 1882 ,
1773 1787 1830 1868 est

97 1881 103 2026 l
277 1903 453 1987 charitas
474 1899 669 1998 habitus,
702 1926 794 2007 quae
816 1900 1038 2007 propterea
1061 1896 1278 1980 creaturin
1292 1898 1586 1999 voluntate,*in
1613 1900 1831 2010 potentia,

97 2041 98 2123 l
173 2071 196 2118 0
272 2022 359 2105 hoc
384 2022 440 2103 est
457 2020 500 2101 in
524 2013 783 2127 dispofitione
802 2075 823 2124 ,Ι
844 2034 891 2097 ut
902 2012 1137 2099 ‘reducatur
1150 2011 1208 2097 -ad
1234 2017 1368 2098 aslum
1391 2042 1467 2126 per
1487 2018 1771 2120 voluntatem,
1787 2026 1829 2103 ὅ(

276 2166 356 2248 per
368 2137 509 2221 Deum
537 2135 668 2244 ipsum
693 2166 704 2213 ε
728 2159 850 2242 quare
887 2131 954 2229 illa
983 2133 1109 2215 verba
1146 2160 1156 2212 ε
1191 2126 1281 2241 Nifi
1302 2136 1468 2217 bumana
1500 2137 1676 2221 voluntas
1708 2140 1829 2220 lrabe-

97 2252 98 2270 '
148 2286 156 2305 ·
276 2281 334 2338 ret
351 2257 520 2337 habiturn
553 2254 795 2350 charitatis,
830 2280 907 2333 nan
947 2251 1103 2331 liaberet
1135 2252 1362 2335 naturaliter
1402 2253 1608 2337 libertatern
1651 2257 1708 2337 ad
1737 2256 1830 2371 dili·-

271 2374 437 2483 gendum
456 2369 646 2481 flammam
668 2370 888 2452 charitatem
917 2425 932 2466 ,
964 2367 1249 2478 intelliguntur
1287 2368 1338 2453 de
1373 2366 1588 2457 dileltione
1623 2373 1830 2482 superma
1958 2448 1960 2459 ,

272 2492 404 2601 quia,
431 2485 505 2573 nist
529 2489 570 2573 in
583 2488 793 2573 voluntate
808 2482 910 2569 effer
926 2484 1089 2568 habitus
1109 2482 1314 2571 charitatis
1332 2547 1346 2587 ,
1365 2486 1450 2598 ipsa
1463 2502 1547 2572 non'
1563 2491 1731 2577 haberet
1743 2494 1828 2575 vir-

276 2628 412 2694 tutem
435 2608 685 2718 completam
717 2601 913 2717 diligendi
939 2600 1299 2711 supernaturaliter
1317 2604 1492 2707 Deum,
1515 2609 1605 2719 quia
1633 2604 1830 2695 deficeret

276 2723 357 2833 ipfi
386 2725 696 2832 supernaturalis
718 2724 848 2807 virtus
870 2718 921 2803 ad
936 2720 1040 2805 hanc
1060 2718 1321 2807 dilectionem
1343 2755 1355 2818 ς
1380 2729 1421 2809 n
1445 2714 1829 2839 ideo,‘fidi1igeret

278 2841 639 2952 supernaturaliter
661 2838 744 2922 fine
764 2837 1103 2937 ultramarina,
1121 2833 1344 2951 effetffru'ra
1365 2840 1490 2952 paffio
1512 2848 1651 2945 mota,
1674 2848 1716 2928 u
1740 2873 1830 2928 mo-

278 2980 450 3044 veretur
471 2954 575 3063 ficut
593 2956 801 3041 martellus
827 3014 842 3054 ,
872 2954 941 3063 qui
959 2958 1024 3038 est
1054 2958 1365 3043 instrumentum
1399 2957 1637 3069 fimpliciter
1668 2982 1831 3046 motum

278 3079 432 3187 absque
455 3105 505 3160 eo
522 3075 633 3186 qubd
650 3067 1009 3158 habeat'virtutem
1027 3074 1069 3157 in
1088 3075 1126 3160 se
1146 3071 1197 3157 ad
1214 3073 1329 3159 illum
1343 3097 1504 3160 motum
1523 3108 1534 3170 ς
1555 3076 1670 3187 quod
1692 3100 1829 3164 autem

281 3195 341 3278 ibi
356 3194 510 3284 dicitur
532 3226 542 3275 ε
565 3224 640 3276 non
661 3194 814 3274 liaberet
834 3191 1058 3274 naturaliter
1083 3186 1289 3275 libertatern
1321 3195 1378 3277 ad
1393 3196 1625 3308 diligendam
1639 3194 1828 3306 fiunrnant

279 3314 532 3409 claritatem,
555 3340 638 3393 non
662 3308 901 3419 intelligitur
918 3307 969 3392 de
993 3312 1089 3392 altu·
1104 3310 1273 3411 naturali
1293 3310 1550 3414 dilectionis,
1580 3312 1638 3421 ita
1672 3335 1719 3398 ut
1745 3312 1829 3399 sme
1928 3340 1930 3345 ·
2021 3374 2023 3385 ·

260 3418 420 3514 'babitu
439 3427 643 3512 charitatis
660 3428 846 3513 voluntas
870 3426 1099 3511 nullatenus
1123 3427 1245 3537 possit
1259 3428 1428 3544 diligere
1451 3490 1465 3533 ,
1491 3451 1611 3542 atque
1635 3432 1737 3517 adeo
1753 3462 1829 3518 nec

279 3540 412 3629 allum
426 3546 653 3630 naturalem
672 3543 897 3628 dilectionis
909 3543 1085 3645 habere,
1104 3544 1200 3646 sed,
1223 3549 1320 3631 cum
1342 3549 1387 3660 ly
1408 3551 1633 3634 naturaliter
1651 3552 1829 3637 sumatur

256 3692 357 3775 pro
380 3663 532 3748 eodem
558 3692 604 3748 ac
638 3660 982 3762 connaturaliter,
1005 3661 1048 3745 id
1065 3665 1122 3747 est
1135 3664 1432 3769 conformiter,
1456 3674 1497 3752 &
1512 3669 1733 3753 secundum
1761 3698 1829 3753 na-

279 3803 414 3889 turam
441 3782 547 3873 illius
576 3780 793 3891 superioris
821 3778 1008 3880 ordinis,
1045 3809 1126 3891 quo
1161 3781 1373 3870 ordinatur
1399 3786 1584 3871 voluntas
1613 3786 1664 3869 ad
1687 3788 1826 3896 supre-

280 3928 398 3982 mum
416 3928 599 3985 amorem
617 3900 702 3984 Dei
723 3930 732 3978 ε
751 3900 911 3981 tantbm
935 3895 991 3981 ibi
1014 3897 1281 4011 intelligitur,
1305 3903 1417 4013 qubd
1437 3904 1621 3989 voluntas
1646 3934 1729 3988 non
1754 3905 1827 3987 ha-

280 4018 402 4103 beret
422 4016 653 4103 libertatem
672 4016 1008 4116 connaturalem,
1031 4016 1168 4102 eidem
1194 4002 1613 4131 correspondentem,
1633 4022 1683 4106 ad
1698 4021 1829 4106 dilec-
1850 4088 1852 4095 ,

282 4136 444 4219 tionem
465 4136 840 4247 supernaturalem,
868 4132 937 4217 sed
957 4133 1060 4244 pure
1080 4132 1181 4219 effet
1206 4159 1345 4241 mota,
1373 4136 1476 4224 ficut
1494 4140 1828 4240 instrumentum,

282 4250 431 4363 absque
452 4255 603 4339 virtute
641 4250 1013 4362 correspondenti,
1050 4254 1128 4362 qud
1162 4254 1263 4340 ellet
1295 4260 1465 4343 amativa
1496 4259 1536 4341 in
1569 4258 1636 4343 illo
1670 4256 1827 4344 ordine.

260 4402 264 4406 ’
282 4370 482 4457 Similiter
499 4372 540 4455 in
562 4393 655 4457 toto
674 4390 872 4455 contextu
893 4399 946 4456 ex
963 4400 1075 4454 nurn.
1099 4403 1120 4455 2
1147 4376 1189 4457 δι
1209 4399 1244 4484 3.
1260 4398 1455 4485 apparet,
1470 4376 1595 4461 inhac
1611 4376 1828 4486 quaestione

281 4491 443 4574 tantum
464 4485 546 4575 effe
565 4492 796 4575 sermonem
820 4489 870 4574 de
889 4518 1029 4574 amore
1048 4492 1251 4600 superno,
1273 4493 1384 4597 juxta
1399 4494 1660 4604 quaestionem
1674 4501 1830 4605 propo-

275 4602 433 4700 fitam3
461 4630 581 4720 atque
605 4609 661 4692 ita
691 4612 853 4719 nonest
884 4608 1035 4692 mirum
1068 4610 1126 4694 ibi
1160 4640 1243 4695 non
1274 4611 1386 4722 loqui
1408 4612 1577 4697 Lullum
1601 4610 1651 4697 de
1689 4641 1829 4699 amore
1900 4634 1903 4641 “

284 4726 473 4829 naturali,
1361 4790 1362 4800 κ
1789 4750 1793 4757 “

339 4844 418 4931 IV.
438 4842 632 4945 ,Profellb
660 4842 805 4934 eadem
832 4842 1047 4947 Censura,
1070 4874 1158 4956 quac
1177 4863 1319 4931 contra
1333 4848 1527 4949 Lullum,
1549 4846 1682 4959 posset
1705 4845 1828 4954 objici

257 4958 427 5047 'contra
447 4962 507 5047 D.
533 4963 719 5079 Angelic.
751 4992 817 5049 22.
841 4967 975 5074 quaest.
1009 4991 1075 5073 23.
1099 4987 1172 5049 art.
1204 4994 1241 5048 2.
1257 4964 1402 5049 'llrrrlm
1429 4968 1595 5052 claritas
1607 4968 1663 5079 fit
1682 4960 1832 5076 aliquid

283 5107 446 5165 creatum
472 5084 512 5164 in
533 5084 663 5166 anima
682 5084 706 5165 s
725 5082 810 5167 Ubl
827 5080 881 5168 fic
903 5081 1089 5168 discurrit
1103 5114 1122 5197 τ’
1136 5081 1354 5193 Respondeo
1376 5084 1596 5187 dicendum,
1611 5084 1713 5195 qudd
1727 5081 1827 5162 Ma-

281 5200 405 5305 ὄψιν·
411 5198 669 5310 perscrutatur
687 5203 789 5285 lianc
812 5202 1045 5313 quaesttbnem
1069 5204 1109 5285 in
1131 5202 1214 5309 dist.
1242 5230 1306 5312 17.
1334 5203 1400 5285 lib.
1422 5206 1525 5287 Seru.
1546 5198 1713 5307 &ponit
1728 5196 1832 5308 quta

283 5317 451 5403 claritas
467 5350 544 5431 nort
566 5320 617 5429 est
628 5321 778 5432 aliquid
793 5346 958 5406 creatum
980 5324 1020 5402 in
1037 5322 1167 5403 anima
1186 5379 1204 5421 ,
1221 5318 1297 5431 sed
1313 5323 1372 5429 est
1384 5319 1459 5429 ‘ipse
1480 5319 1643 5425 Spiritus
1651 5316 1828 5403 Sanclus
