5150 6667
350 771 354 781 .
708 650 1511 808 missiamanum.
1794 727 1875 821 355

322 880 352 922 n
370 836 539 921 ordinem
559 830 684 945 causer
698 831 939 945 fiiperioris,
961 835 1016 920 V.
1032 834 1084 916 G.
1101 831 1294 919 Ezechiae
1320 836 1431 951 Regi
1451 838 1563 927 Judae
1583 841 1734 929 dietum
1756 848 1817 933 est
1827 850 1882 934 ab

180 1014 185 1023 .
320 1000 347 1041 n
371 958 472 1041 Isala
485 988 495 1038 ε
510 952 699 1040 morieris
722 974 770 1037 tu
793 957 835 1038 dc
859 981 942 1037 non
963 952 1076 1038 vives
1096 983 1108 1046 ;
1131 959 1175 1038 &
1197 952 1375 1066 egressus
1398 958 1517 1045 Isalas
1537 964 1668 1047 statim
1688 964 1812 1052 rediit
1825 994 1879 1053 ex

320 1118 348 1159 n
370 1094 582 1186 praecepto
605 1073 812 1173 Domini,
836 1076 879 1157 ὅ(
900 1071 1002 1175 dixit
1020 1072 1106 1172 illi,
1129 1071 1241 1183 quod
1263 1102 1347 1159 non
1370 1077 1594 1172 morietur;
1614 1083 1682 1179 sed
1696 1086 1883 1194 primum

320 1236 347 1279 n
372 1217 460 1281 erat
479 1222 625 1281 verum
643 1190 869 1279 secundum
890 1186 1196 1301 dispositionem
1214 1194 1423 1278 causarum
1443 1198 1686 1285 naturalium
1704 1232 1716 1297 ς
1737 1204 1880 1289 secuu-
1948 1220 1950 1225 ’

321 1357 348 1398 n
373 1315 472 1399 dum
494 1336 584 1399 erat
602 1340 750 1398 verum
771 1312 994 1397 secundum
1015 1312 1360 1422 supernaturalem
1384 1310 1693 1423 dispofitionem
1714 1319 1877 1406 Dei...

320 1466 353 1517 ‚a
373 1434 497 1518 Unde
526 1462 610 1517 non
646 1431 776 1516 solum
802 1429 1102 1541 respiciendum
1124 1433 1182 1517 est
1213 1431 1265 1517 ad
1294 1428 1602 1543 dispositionem
1622 1436 1878 1549 superiorum
1913 1436 1921 1449 ’

320 1593 348 1635 n
372 1552 443 1638 sed
465 1552 590 1638 etiam
611 1551 848 1662 supremi».
878 1550 1026 1635 Sensus
1048 1551 1161 1636 Lulli
1180 1549 1249 1636 hle
1272 1556 1315 1637 ἃ
1338 1554 1380 1637 in
1403 1552 1626 1663 quaestione
1641 1578 1780 1644 notata
1793 1562 1884 1662 est,

246 1669 252 1675 “
323 1689 505 1758 mortem
523 1670 716 1757 Ezechiae
739 1666 857 1754 fiiiffe
875 1668 1103 1780 praescitam
1128 1668 1309 1754 suturam
1328 1668 1551 1756 secundum
1573 1673 1879 1786 dispofitionem

323 1791 491 1892 morbi,
510 1820 593 1874 non
612 1812 750 1875 autem
771 1787 953 1873 futuram
971 1787 1193 1873 secundum
1208 1790 1437 1899 supremam
1452 1790 1537 1875 Dei
1555 1790 1885 1901 dispositionem,

323 1914 366 1993 ὅ(
381 1913 602 2019 propterea
616 1909 667 1994 ad
680 1936 825 2019 preces
840 1907 1034 1993 Ezechiae
1049 1907 1224 1991 mutavit
1241 1907 1340 1991 illud
1357 1910 1800 2020 praescitum-litturum
1820 1916 1887 1999 se·

323 2026 504 2111 cundhm
513 2029 646 2112 causas
657 2028 874 2127 naturales,
888 2026 985 2137 quin
996 2045 1199 2111 mutatum
1212 2023 1544 2112 sueritaeteruum
1553 2028 1875 2119 Deicousilium.

228 2148 231 2150 *
380 2148 537 2233 XXIV·
562 2150 658 2231 Huc
677 2145 820 2231 alludit
843 2145 996 2231 didam
1019 2145 1125 2228 Divi
1146 2145 1341 2258 Gregorii
1368 2150 1391 2229 ὲ
1425 2144 1563 2231 Glolla
1597 2148 1799 2235 ordinaria
1825 2152 1881 2236 ad:
1948 2168 1953 2177 '

321 2293 409 2375 cap.
439 2262 504 2374 38.
524 2266 613 2349 Isar.
637 2264 886 2350 addultum:
913 2294 940 2334 n
957 2265 1077 2350 Deus
1095 2264 1247 2366 etiam,
1271 2262 1495 2349 secuudum
1518 2267 1632 2376 quod
1652 2269 1878 2384 Gregorius

319 2416 346 2465 e
372 2382 504 2485 dicit,
526 2385 770 2470 sententiam
785 2402 944 2485 mutat,
966 2383 1037 2469 sed
1054 2412 1139 2469 non
1161 2380 1388 2468 consilium.
1410 2384 1666 2471 Sententiam
1680 2386 1878 2474 debemus

318 2542 346 2582 a
372 2502 633 2617 intelligere,
656 2505 815 2589 sensum
835 2503 1060 2589 verborum
1083 2532 1100 2595 ε,
1124 2499 1338 2587 consilium
1368 2504 1474 2587 verb
1490 2503 1543 2596 ab
1566 2525 1717 2591 aeterna
1739 2506 1884 2619 'dispo-

319 2660 347 2701 η
373 2618 517 2708 fitione
541 2625 609 2706 est.
635 2624 892 2710 Sententiam
908 2625 1010 2708 verb
1023 2621 1148 2707 servis
1171 2622 1250 2705 suis
1268 2619 1388 2706 Deus
1410 2622 1691 2725 revelaverat,
1709 2654 1796 2711 non.
1814 2649 1880 2712 ta-

322 2778 348 2819 „
374 2770 469 2825 men
482 2738 716 2844 confilium,
741 2742 871 2829 sedut
888 2739 1430 2859 eorumcomminationibus
1445 2741 1730 2849 poenitentiam
1756 2746 1878 2831 incu-¹

322 2896 350 2938 n
374 2879 483 2943 teret
502 2862 664 2971 papulis
680 2862 757 2946 suis
772 2923 788 2965 ,
803 2868 844 2948 ἀ
860 2858 916 2947 s1c
934 2890 1079 2948 eorum
1094 2861 1372 2947 misereretur.
1387 2857 1500 2943 cnm
1518 2862 1631 2945 enirn
1645 2862 1764 2947 Isalas
1778 2862 1883 2948 sun--

322 3017 350 3059 n
373 2977 543 3089 pliciter·
559 2979 714 3068 diceret
736 3014 748 3064 ι
769 2980 985 3083 morieris,
1008 2988 1051 3067 ὅ(
1074 2986 1163 3067 non·
1175 2980 1289 3065 vives
1313 3010 1328 3073 t
1350 2982 1393 3063 ὅ(
1415 2976 1535 3065 Jonas
1563 3010 1579 3060 ε.
1601 2980 1761 3069 Ninive
1779 2984 1877 3069 sub-

320 3138 348 3180 „
373 3118 591 3199 vertetur,
615 3106 656 3186 dr
675 3103 744 3186 ista
763 3131 845 3186 non
866 3099 997 3186 essent
1018 3100 1187 3202 lutura,
1222 3118 1306 3185 non
1329 3096 1521 3183 videntur
1550 3095 1633 3185 esse
1668 3100 1713 3185 in
1744 3102 1881 3205 Libro,

320 3256 348 3297 n
373 3216 492 3320 Dei,
517 3245 612 3328 quae
632 3250 714 3306 non
736 3242 853 3305 erant
869 3218 1016 3305 sutrina.
1042 3219 1125 3306 Sed
1147 3218 1357 3305 sciendrun
1379 3220 1468 3320 est,
1486 3218 1600 3328 quhd
1628 3219 1746 3305 Deus
1770 3220 1876 3307 duo4

322 3374 350 3416 n
373 3335 450 3419 bus
473 3334 606 3443 modis
630 3339 778 3451 aliquas
796 3368 861 3452 res
884 3336 1113 3425 confideret
1131 3370 1142 3421 t
1156 3336 1364 3448 secundum
1388 3338 1519 3423 nterim
1543 3334 1585 3425 δ’
1594 3336 1802 3447 [murzilin
1821 3340 1876 3424 rei
1883 3348 1885 3351 ’

321 3494 351 3534 n
372 3480 547 3538 naturam
572 3454 696 3568 (quae
718 3458 912 3544 dicuntur
932 3461 1058 3545 causae
1080 3456 1331 3569 inferiores)
1354 3454 1395 3543 δ’·
1404 3457 1610 3568 fertvrddm
1627 3456 1743 3569 finon
1758 3456 1877 3571 confi-

321 3612 350 3654 »
372 3573 477 3656 lirina
504 3574 628 3662 Unde
649 3577 880 3665 Ezechiam
897 3578 1144 3665 moriturum
1162 3579 1281 3662 Deus
1296 3575 1541 3688 previderat
1552 3576 1776 3661 secimdlim
1791 3604 1877 3661 me-

321 3732 348 3773 o
372 3693 529 3795 ritum,
552 3696 627 3780 vel
642 3696 870 3783 sectmdlnn
888 3694 1130 3809 physicam,
1152 3695 1250 3783 licet
1269 3724 1360 3779 nora
1375 3694 1618 3780 manum&
1645 3726 1733 3779 non⁴
1750 3694 1877 3779 mori·
1925 3738 1928 3745 ⁴

319 3849 346 3891 n
372 3831 509 3896 turum
526 3814 749 3901 secundum
776 3814 992 3899 confilium
1014 3817 1130 3901 suum
1150 3813 1876 3926 :1Uertunque·i'gitrrrscriptumerat

312 3958 353 4010 n.
374 3930 414 4013 in
437 3920 699 4015 LibroVitaeq
708 3992 721 4031 ,
740 3930 996 4017 sedalterum
1013 3935 1093 4019 suo
1107 3934 1328 4044 Prophetae
1346 3929 1537 4043 permisit¹
1552 3929 1774 4043 legendum
1788 3960 1800 4024 3
1814 3929 1884 4015 al*

320 4086 349 4127 n
373 4068 511 4131 terum
536 4048 635 4131 vero
657 4078 739 4134 non
757 4048 998 4161 permissum
1020 4054 1084 4138 est'
1107 4094 1150 4136 n.
1179 4050 1283 4137 Sane
1307 4048 1586 4136 conformiter·
1607 4048 1664 4133 ad.
1689 4049 1882 4152 sensum,

324 4166 409 4248 imo
433 4162 541 4275 quasi
560 4166 611 4251 ad
631 4170 754 4253 verba
772 4170 914 4270 Lulli,
948 4171 1161 4256 resolvitur
1172 4172 1264 4257 haec
1283 4172 1447 4283 quaeslio
1471 4170 1511 4267 in
1534 4165 1706 4260 Glossir
1729 4144 1883 4291 raian·-

303 4282 425 4367 .dum
447 4286 504 4367 est
525 4308 691 4392 autem,
711 4286 822 4399 quod
843 4286 951 4373 nulla
974 4285 1029 4375 fit
1040 4290 1248 4403 expressio
1263 4291 1446 4377 Decreti·
1458 4288 1629 4375 absoluti
1643 4347 1661 4389 ‚.
1677 4316 1755 4373 nec
1772 4316 1883 4372 con··

326 4398 518 4488 ditionati·
535 4465 549 4505 ,
568 4404 638 4491 sed
659 4409 819 4492 tantum
838 4403 890 4491 fit
908 4406 1106 4494 distinslio
1126 4411 1244 4495 unius
1264 4410 1392 4496 futuri
1415 4410 1462 4495 ab
1483 4409 1590 4509 alio,
1609 4428 1731 4517 prout
1752 4406 1878 4515 etiam

200 4514 207 4523 “
323 4520 503 4629 explicat
521 4523 613 4634 ipse:
627 4526 792 4611 Lullun
811 4524 879 4610 Ad
901 4524 1020 4613 idem-
1035 4530 1216 4639 pertinet
1239 4530 1305 4614 illa
1328 4530 1436 4613 Divi·
1450 4526 1712 4627 Hieronimi,
1740 4526 1809 4609 lib.
1839 4550 1875 4635 3·.

165 4693 176 4714 ·
323 4642 539 4725 commin
563 4672 653 4753 cap.
683 4641 756 4727 1:8⁸·
776 4645 963 4730 Matthaei
983 4646 1182 4732 sententia
1200 4650 1327 4759 super·
1343 4648 1407 4729 illa
1424 4645 1549 4727 verba
1569 4675 1586 4725 :.
1603 4647 1668 4729 Sir
1692 4641 1733 4731 ἃ
1758 4646 1881 4727 Fater

324 4788 427 4840 meus
449 4760 618 4869 Caelestis
629 4762 760 4872 faciet
780 4766 898 4849 vohis·
916 4752 1060 4873 fisoort
1083 4765 1295 4877 omiseritis
1324 4761 1570 4875 unufipnifque
1585 4763 1712 4874 fratri
1728 4760 1801 4871 fiio
1829 4760 1877 4843 de

323 4878 498 4961 cordibus
521 4880 687 4989 uestris,
710 4879 814 4965 dum.
832 4882 943 4968 dicit:
957 4882 1249 4993 :Eonnidal'oso
1263 4880 1451 4993 sementia
1475 4915 1493 4985 ,·
1506 4882 1546 4991 fi
1572 4882 1685 4985 juxta
1711 4879 1882 4981 nostram

324 4995 680 5106 mentemfentrnriu
696 4999 1098 5115 Beifiec‘siturmqaoe·
1111 5026 1277 5086 rmrrotm
1296 4999 1359 5111 ast
1367 4996 1701 5111 parvofrorrihm
1716 5022 1792 5075 non
1815 4994 1888 5075 dn

324 5116 547 5218 mittimur,
559 5146 705 5227 nragnrt
718 5120 830 5200 nobit
849 5122 875 5202 d
894 5120 983 5203 Deo·
1000 5152 1079 5205 non
1098 5122 1353 5204 dimittentur„
1705 5150 1709 5157 ·

384 5233 527 5320 XXV.
539 5234 749 5322 Praeterea
766 5234 817 5320 de
839 5236 920 5321 hoc
943 5237 1092 5323 eodem
1114 5240 1260 5322 tradat
1277 5239 1413 5322 Divus
1436 5236 1656 5351 Thomas,
1672 5258 1757 5340 par.
1785 5258 1819 5315 r.
1834 5254 1885 5341 q„

332 5378 398 5460 12·
417 5372 491 5437 art.
512 5382 552 5466 7„
573 5360 617 5442 dc
633 5352 685 5443 ad
706 5384 743 5441 a.
765 5351 819 5443 fic
839 5354 985 5447 scribit
1000 5386 1018 5437 ε.
1039 5384 1067 5428 a
1088 5358 1324 5473 Utrumque
1348 5384 1491 5442 eorum
1517 5352 1606 5435 vult
1630 5352 1775 5456 Deus,
1797 5350 1888 5453 sci-5

1573 5470 1705 5587 Yyij,
