5150 6667
548 770 565 797 ‚
655 652 1272 789 nrssiartrv.
1335 697 1373 809 t.
1435 697 1469 783 1.
1777 711 1832 813 a,

332 842 435 935 VII.
469 839 636 929 Deinde
658 841 771 949 juxta
793 838 983 951 praedicta
1004 840 1137 951 potest
1164 834 1299 925 inalio
1319 839 1433 923 sensu
1449 836 1620 953 intelligi
1636 842 1834 951 praedicta

275 986 414 1050 notata
428 963 539 1047 Lulli
552 956 801 1071 proposrtio;
815 960 909 1044 clam
924 961 1035 1043 enim
1048 956 1275 1067 praetendat
1290 957 1433 1040 Lullus
1448 958 1489 1041 in
1503 959 1576 1042 hac
1593 963 1836 1068 quaestione,

275 1083 505 1193 potentiam
528 1078 706 1165 divinam
729 1106 812 1162 non
829 1075 909 1162 effe
932 1075 1154 1161 absolut'am
1168 1103 1243 1186 per
1260 1077 1601 1189 generationem,
1623 1077 1693 1163 sed
1706 1082 1832 1165 etiam

277 1202 315 1285 se
334 1202 484 1286 habere
514 1197 566 1283 ad
600 1196 891 1307 spirationem,
910 1222 998 1305 quae
1027 1194 1193 1305 spiratio
1221 1222 1305 1277 non
1341 1196 1397 1277 est
1429 1190 1504 1277 nifi
1539 1194 1833 1307 praesuppofitl

275 1318 539 1431 generatione
562 1375 576 1415 ,
598 1318 732 1425 potest
755 1313 859 1413 dici,
883 1311 992 1423 quod
1003 1315 1172 1421 potentio
1191 1313 1425 1421 generandi,
1441 1312 1520 1421 qul
1538 1315 1652 1423 prius
1672 1316 1830 1428 origine

278 1438 368 1521 sunt
384 1435 564 1520 Pater&
583 1434 735 1533 Filius,
749 1431 871 1516 Patre
888 1432 1041 1515 scilicet
1057 1450 1277 1542 generante
1294 1434 1335 1513 ἃ
1354 1429 1462 1513 Filio
1481 1430 1621 1543 genito
1643 1491 1657 1531 ,
1681 1436 1830 1518 consti-

278 1556 383 1655 tuit,
399 1582 481 1637 non
511 1549 677 1661 quidem
706 1549 991 1634 formaliter&
1016 1544 1257 1648 intrinsece,
1284 1545 1355 1631 sed
1372 1549 1531 1635 tantum
1554 1550 1830 1663 originative,

280 1676 319 1757 ἃ
341 1700 419 1782 per
447 1670 750 1769 resultantiam,
784 1698 898 1750 unam
934 1694 1163 1751 communem
1186 1667 1451 1773 proprietatem
1476 1665 1702 1777 spirativam
1734 1673 1832 1754 inter

277 1792 429 1874 Patrem
475 1786 527 1873 s?
545 1790 582 1871 F
582 1790 713 1879 ilium3
739 1786 832 1896 quia
857 1786 945 1867 h-aec
991 1782 1220 1866 communis
1248 1782 1376 1866 virtus
1407 1784 1595 1893 spirativa
1630 1788 1670 1870 in
1707 1787 1829 1874 Patre

278 1913 321 1992 ὃ(
340 1907 449 1990 Filio
470 1966 484 2007 ,
503 1907 665 1989 resultat
687 1934 740 1990 ex
757 1902 1050 2016 generatione,
1067 1918 1261 2011 quatenus
1285 1900 1408 1984 Pater
1425 1929 1501 2012 per
1521 1906 1829 2014 generationem

280 2024 348 2109 dat
370 2022 477 2107 Filio
496 2023 690 2110 virtutem
712 2023 970 2133 spirativam,
993 2024 1033 2103 ἃ
1055 2017 1201 2127 spirare
1219 2018 1418 2128 Spiritum
1441 2020 1632 2129 Sanctum
1653 2022 1854 2108 necessa-n

280 2142 342 2227 rii>
364 2142 642 2251 praesupponit
654 2141 989 2255 generationem:
1009 2159 1129 2245 atque
1163 2134 1218 2218 ita
1246 2136 1432 2245 potentia
1460 2138 1716 2251 generandi,
1752 2143 1830 2252 qul
1900 2158 1909 2167 “

275 2260 401 2345 Pater
420 2260 584 2373 gignit,
619 2266 660 2343 ὅ(
682 2262 716 2342 F
719 2258 1030 2371 iliusgignitur,
1062 2256 1132 2337 suo
1159 2252 1283 2339 modo
1300 2254 1433 2339 statuit
1457 2260 1498 2339 &
1519 2258 1671 2366 ponit,
1708 2280 1830 2372 atque

275 2378 329 2461 ita
353 2379 562 2462 constituit
580 2378 621 2461 in
636 2377 756 2462 Patre
775 2381 816 2462 ὅ(
839 2376 948 2460 Filio
961 2400 1084 2456 unam
1106 2396 1371 2457 communem
1388 2374 1684 2483 proprietatem
1702 2377 1829 2485 spira-

274 2496 428 2588 tivam;
453 2501 495 2581 δι
512 2496 604 2607 quia
621 2498 805 2607 potentia
823 2488 1047 2606 generandi
1068 2487 1118 2574 ad
1131 2489 1233 2576 hanc
1249 2491 1510 2601 spirationem
1525 2491 1832 2602 quodammodo

275 2582 498 2697 ordinatus
512 2674 525 2714 ‚
557 2621 600 2700 ἂ
623 2613 674 2697 ad
696 2615 820 2724 ipsam
834 2606 1055 2697 necessario
1078 2608 1433 2719 consequituripsa
1454 2612 1685 2695 communis
1699 2613 1830 2699 virtut

279 2732 503 2837 spirativa,
539 2753 711 2842 propter
730 2733 809 2817 hoc
829 2728 980 2814 dicitur
1005 2722 1085 2811 esse
1110 2726 1167 2807 ad
1190 2727 1372 2839 aliquid,
1400 2732 1443 2813 ἂ
1478 2728 1604 2837 ipsam
1638 2758 1829 2815 commu·

280 2875 378 2929 nem
400 2849 699 2955 proprietatem
711 2849 938 2957 spirativam
957 2845 1199 2931 constituere
1215 2902 1228 2946 ,
1242 2846 1322 2929 hoc
1342 2847 1425 2947 est,
1440 2847 1609 2959 statpere
1625 2847 1663 2930 in
1688 2848 1828 2931 amba-

279 2964 356 3047 bus
378 2962 607 3064 Personis,
635 2994 729 3047 nam
755 2966 796 3047 ia
819 2960 956 3049 Phrasr
987 2963 1098 3047 Lulli
1134 2963 1351 3069 constituere
1382 2990 1465 3047 non
1497 2960 1657 3071 semper
1677 2963 1829 3049 indicat

278 3082 614 3167 constitutionem
636 3082 920 3182 intrinsecam,
939 3081 1009 3167 sed
1030 3079 1153 3165 etiam
1176 3078 1340 3164 efficere
1363 3137 1376 3178 ,
1408 3084 1449 3163 ὅ(
1471 3078 1595 3163 activa
1619 3080 1789 3167 influere
1813 3136 1828 3185 ,

281 3220 327 3283 ut
346 3199 499 3309 aliquid
507 3197 851 3301 fitconstitutum,
864 3219 910 3282 ut
925 3196 1332 3308 infraexplicabimus
1347 3193 1499 3319 differt
1512 3204 1550 3280 6.
1561 3195 1612 3282 ad
1620 3225 1740 3308 prop.
1762 3228 1827 3283 12.

340 3316 463 3401 VIII.
494 3320 586 3401 Hoc
605 3316 766 3401 videtur
792 3316 1021 3426 exprimere
1045 3316 1210 3399 Manuel
1229 3315 1400 3401 Calecas
1413 3315 1604 3416 Graecus,
1623 3314 1830 3426 disputans

140 3446 158 3481 ·
195 3504 198 3509 .
279 3435 550 3519 contrasuam
564 3436 788 3522 Nationem
805 3463 883 3545 pro
897 3433 1153 3545 procellione
1181 3434 1355 3543 Spiritus
1376 3436 1545 3519 sanctia
1569 3434 1697 3534 Filio,
1721 3430 1830 3545 apud

279 3550 495 3638 Petalium
516 3552 720 3665 Theolog.
750 3554 908 3667 Dogm.
933 3550 1028 3637 Lib.
1054 3582 1093 3661 7.
1113 3552 1164 3636 de
1195 3553 1347 3637 Trinit.
1368 3579 1456 3662 cap.
1489 3582 1706 3653 11‚num.
1744 3582 1787 3637 11
1813 3612 1828 3654 ,
1943 3608 1947 3615 -

278 3669 347 3753 ubi
369 3670 449 3753 ait:
466 3671 605 3772 Unde,
627 3674 716 3782 quie
727 3668 934 3780 secundum
954 3671 998 3752 id
1015 3670 1118 3781 quod
1130 3672 1257 3781 gignit
1278 3730 1292 3773 ,
1315 3673 1444 3769 Patris
1457 3668 1622 3780 Perfima
1638 3668 1830 3780 firbfistit,

274 3816 344 3894 per
365 3791 435 3871 lroc
457 3786 575 3898 ipfittn
593 3790 696 3899 quod
711 3790 864 3898 gignit,
883 3786 1029 3901 emiffitr
1049 3788 1119 3870 erit
1140 3791 1251 3872 etiam
1279 3790 1426 3889 Putem
1447 3819 1496 3870 ex
1512 3816 1584 3898 quo
1598 3786 1684 3891 jure
1703 3790 1828 3869 dieas

279 3905 330 4009 est
350 3904 496 4018 emiffitr
510 3935 582 4014 per
615 3908 800 4008 verbum
823 3903 1027 4017 subjungit
1045 3924 1182 3989 autem
1212 3906 1299 3991 haec
1323 3906 1541 3992 Petavius:
1568 3935 1593 3972 u
1613 3888 1660 3987 In
1684 3905 1829 4013 quibus

220 4070 225 4081 ·
281 4062 308 4103 υ
333 4021 627 4109 observandum
645 4024 724 4107 hoc
741 4018 914 4107 maxime
930 4024 987 4107 est
1005 4019 1116 4132 quod
1140 4024 1215 4117 ait;
1231 4024 1398 4108 Patrem
1411 4022 1829 4136 pergenerationem,

282 4178 309 4220 η
335 4140 1280 4251 quemgenerrndioperationemappellat,ptimo
1293 4135 1827 4243 confistere,acsubs1sterei

282 4296 310 4339 n
335 4278 424 4341 tum
436 4285 512 4368 per
525 4260 626 4344 hanc
644 4259 930 4373 primigeniam
949 4259 1232 4369 operationem
1247 4282 1412 4345 caeteras
1426 4258 1679 4369 producere,
1699 4257 1830 4368 inpri-

280 4414 308 4455 η
334 4376 489 4485 misque
511 4374 731 4486 emffonem
747 4375 1070 4487 adspirationem.
1090 4376 1314 4487 Quodlton
1336 4374 1391 4463 fic
1413 4376 1722 4489 intelligendum
1745 4376 1830 4475 est,

281 4532 308 4574 n
333 4514 381 4577 ut
403 4495 574 4605 ipsamet
602 4494 705 4579 attio
723 4493 944 4607 generandi
962 4523 1038 4605 per
1060 4496 1099 4579 se
1118 4494 1467 4607 acformoliter,ut
1487 4496 1624 4594 aiunt,
1641 4489 1689 4578 fir
1708 4494 1831 4602 spira-

282 4649 308 4692 „
334 4613 428 4713 tio,
451 4634 519 4695 aut
537 4612 641 4697 illius
664 4614 894 4717 terminus,
927 4617 1004 4722 qua
1021 4614 1230 4727 generatio
1254 4617 1338 4713 est,
1361 4610 1410 4695 stt
1433 4612 1608 4722 Spiritus
1632 4612 1830 4704 Sanetusa

282 4769 310 4811 η
334 4726 407 4813 sed
433 4727 545 4839 quod
569 4727 839 4841 prima-forma
863 4729 924 4812 vel
950 4735 1061 4813 actus
1082 4732 1214 4815 Patris
1231 4792 1245 4831 ‚
1265 4725 1513 4843 Hypostafim
1546 4759 1642 4814 cum
1664 4728 1831 4816 essentia

283 4887 309 4931 a
334 4874 590 4958 componens
610 4886 626 4948 *,
646 4851 701 4933 est
722 4847 931 4961 generatio
946 4843 1028 4932 five
1043 4848 1208 4950 relatio,
1224 4876 1268 4932 ac
1288 4848 1513 4932 Paternitas
1533 4908 1546 4949 ,
1569 4876 1658 4957 quae
1680 4842 1828 4933 Perso-

284 5003 310 5047 υ
333 4990 430 5051 nam
447 4994 494 5051 ac
513 4966 767 5051 substantiam
776 4966 907 5051 Patris
927 4968 1146 5070 constituit,
1161 4966 1367 5075 efficitque
1386 4986 1434 5049 ut
1447 4962 1496 5050 stt
1508 4968 1748 5052 hicDeus....
1772 4958 1828 5045 sic

286 5122 312 5166 tt
335 5085 376 5170 in
400 5064 655 5184 admirabili,
678 5086 721 5167 &
757 5084 1052 5171 Sacro-Sancta
1073 5084 1299 5194 Divinitate
1322 5144 1336 5184 ,
1372 5084 1463 5193 quia
1484 5084 1672 5192 Persove
1685 5082 1829 5189 primae

288 5200 468 5287 „forma
498 5203 746 5289 constituens
777 5205 834 5291 est
852 5204 1060 5316 genoratio
1083 5263 1097 5303 ,
1120 5199 1200 5288 srve
1224 5203 1485 5299 Patemitas‚
1519 5230 1595 5311 per
1616 5224 1736 5308 quam
1764 5196 1830 5280 illa

290 5356 316 5403 a
337 5317 509 5409 subsrllit
530 5380 545 5426 ,
577 5326 618 5409 δι
636 5322 695 5408 est
714 5321 905 5435 genitor,
924 5342 993 5406 aut
1007 5320 1131 5408 Pater
1150 5351 1160 5414 t
1178 5324 1301 5408 abea
1323 5318 1549 5426 deinceps,
1572 5321 1613 5401 &
1635 5342 1829 5424 per-eam
