5150 6667
521 744 528 757 .
636 650 737 767 nr
767 680 798 767 s
830 676 1112 765 saar..
1143 672 1289 780 111·
1335 674 1398 792 a:
1450 674 1590 769 111.
1811 710 1896 801 ue·
1943 710 1945 715 ψ

341 814 652 936 proportionata
672 818 876 933 aequalitas
897 813 1173 905 satisiadtionir
1194 844 1292 904 cum
1314 843 1484 931 peccato
1503 856 1515 918 ς
1535 846 1655 935 atque
1677 826 1733 913 ita
1755 886 1770 929 ‚
1797 830 1895 915 cum

341 966 559 1055 peccatum
582 939 716 1053 quoad
737 937 1003 1024 intellectuale
1026 938 1224 1049 importet
1241 943 1409 1051 'gravem
1426 943 1589 1054 culpam
1607 946 1648 1029 in
1666 945 1801 1033 anima
1814 1007 1839 1049 ,.
1852 953 1897 1033 dc

344 1060 478 1174 quoad
488 1060 665 1148 ¹sensuale
683 1060 883 1169 importet
900 1084 1068 1171 gravem
1089 1082 1256 1165 poenam
1269 1060 1541 1168 temporalem
1562 1062 1604 1146 in
1626 1092 1831 1174 corpore,
1853 1066 1902 1151 in'·

310 1178 318 1191 ’
343 1210 464 1294 quarn
485 1197 763 1265 commutatur
781 1203 907 1288 poena
926 1196 1106 1275 aeterna,
1125 1173 1225 1263 dum
1247 1204 1301 1261 ex
1322 1175 1480 1292 meritis
1503 1177 1661 1280 Christi,
1677 1205 1902 1290 peccatum

340 1299 590 1398 dimittitur,
615 1315 664 1379 ut
690 1321 763 1427 'ex-
782 1314 900 1405 parte
930 1292 1226 1429 satisfactionis·
1246 1293 1378 1379 detur·
1397 1296 1615 1405 proportio
1638 1298 1902 1386 intelledtuali
1946 1364 1952 1381 ,

214 1530 220 1543 ·
340 1409 1911 1654 {tizrsslllfffialllilt?llqllatlssltlllllilllllssl:,
2160 1500 2164 1507 ’

341 1654 602 1767 portionatur
619 1650 738 1765 gravi·
754 1676 888 1760 poenae
909 1648 965 1759 in
979 1676 1166 1760 corporo
1178 1650 1328 1736 debitae
1352 1670 1524 1761 peccato
1545 1710 1559 1752 ‚
1583 1679 1683 1761 quae
1710 1653 1769 1738 est
1801 1653 1901 1766 quid
1928 1736 1934 1749 ,

343 1772 555 1872 sensuale,
580 1772 638 1858 est
653 1768 787 1883 gravis
811 1766 1021 1855 satisfaolio
1045 1796 1122 1879 per
1148 1796 1299 1881 corpus
1322 1768 1502 1854 exhibita
1525 1828 1548 1869 ,
1561 1794 1658 1879 quae
1689 1772 1813 1863 etiam
1844 1774 1901 1885 eli

344 1890 443 2003 quid
459 1889 635 1977 sensuale
652 1918 662 1968 ε
680 1885 790 1972 unde
805 1888 929 1988 ‚cum
947 1914 1000 1973 ex
1021 1908 1220 1973 contextu
1241 1889 1385 1973 rarione
1404 1889 1706 1997 improportionir
1719 1918 1802 1975 non
1821 1888 1901 1975 suf-·

344 2004 456 2095 liciat
469 2005 845 2117 ‚levispoenitentia
866 2004 908 2091 in
930 2032 1109 2115 corpore
1129 2005 1182 2091 ad
1203 2005 1488 2092 liberationem
1509 2034 1668 2119 magnae
1693 2008 1825 2123 culpa
1858 2009 1900 2095 in

343 2128 479 2212 anima
496 2186 510 2228 ,
530 2124 698 2213 evidens
721 2124 806 2224 est,
829 2121 940 2233 qubd
962 2150 1038 2234 per
1056 2123 1102 2238 ly
1117 2125 1215 2209 levis
1224 2127 1451 2234 penitentia
1471 2126 1512 2207 in
1526 2122 1678 2235 corpore
1692 2124 1900 2235 principa·

342 2241 440 2331 liter
455 2243 697 2357 intelligitur
722 2240 864 2325 animae
884 2240 1072 2327 voluntas
1099 2244 1259 2327 tantiam
1284 2243 1431 2329 leviter
1452 2240 1680 2353 poenitendi
1696 2244 1762 2328 vel
1784 2244 1900 2328 satis·
1940 2240 1973 2259 ’“

341 2361 519 2451 faciendi
541 2362 583 2447 in
611 2386 788 2470 corpore
811 2389 823 2453 ς
855 2359 953 2443 clim
976 2360 1139 2448 aliunde
1157 2362 1209 2446 ad
1232 2360 1508 2446 remiffionem
1526 2362 1657 2473 culpae
1677 2359 1900 2447 neceffarib

343 2482 573 2593 requiratur
590 2478 780 2567 voluntas
793 2475 1062 2565 satisfaciendi
1079 2478 1131 2566 ad
1143 2480 1499 2597 proportionatam
1513 2480 1784 2592 aequalitatem
1803 2508 1900 2564 cum

346 2601 413 2686 cul
444 2631 480 2688 a.
842 2614 853 2629 “
1240 2606 1244 2613 ’
1849 2674 1853 2683 .
1907 2618 1912 2625 ’

403 2628 495 2803 iix.
521 2714 689 2805 Deinde
708 2716 750 2801 in
779 2714 903 2801 titulo
924 2716 1293 2830 buiruquaellionis
1316 2746 1400 2805 non
1424 2718 1667 2830 supponitur
1688 2718 1899 2827 inpecca-

344 2858 437 2923 tore
470 2839 578 2922 bona
610 2836 798 2922 volumtas
824 2832 1128 2939 satisfaciendi,
1161 2834 1264 2921 ficut
1296 2836 1542 2947 supponitur
1570 2836 1611 2919 in
1639 2834 1902 2919 antecedenti
1947 2846 1955 2863 '

344 2956 589 3067 quaestione,
619 2976 740 3065 atque
763 2955 820 3037 ita
848 2950 997 3037 solutio
1016 2949 1135 3063 hujus
1157 2955 1386 3064 quaestionis
1408 2952 1579 3063 requirit
1609 2959 1653 3037 &
1677 2954 1802 3040 habet
1833 2954 1901 3036 lo-

344 3102 442 3160 cum
458 3102 539 3185 pro
556 3072 676 3173 casu,
702 3072 784 3184 qud
806 3090 1002 3180 peccator
1031 3103 1114 3158 non
1136 3068 1261 3158 habet
1283 3072 1462 3159 debitam
1492 3070 1747 3155 voluntatem
1783 3071 1913 3155 fatie-·

343 3190 522 3278 faciendi
543 3222 556 3285 3
600 3195 643 3276 ἂ
665 3219 745 3303 pro
765 3190 846 3275 hoc
880 3184 1006 3291 casu,
1036 3214 1084 3276 ut
1105 3190 1272 3277 evidens
1294 3192 1361 3285 est
1381 3218 1434 3275 ex
1460 3188 1575 3273 dietis
1598 3248 1612 3287 ,
1653 3189 1823 3273 solvitur
1858 3187 1900 3273 in

344 3308 423 3397 bac
439 3310 569 3420 prima
593 3309 803 3429 solutionis
824 3328 940 3418 parte
954 3338 971 3401 ,ς
991 3335 1070 3419 pro
1093 3306 1250 3395 casibus
1270 3330 1436 3407 autem,
1469 3302 1738 3417 quibusadfit
1761 3306 1901 3393 debita

345 3428 533 3513 voluntas
555 3425 849 3527 satisfaciendi,
876 3426 1044 3511 solvitur
1065 3428 1108 3512 in
1129 3427 1286 3513 duabus
1313 3422 1572 3537 sequentibus
1603 3425 1816 3536 partibus,
1848 3452 1915 3511 ex„

346 3546 494 3659 quibus
509 3548 637 3662 magia
655 3545 931 3633 manifestatur
951 3542 1137 3655 exposita
1151 3545 1422 3658 intelligentia
1436 3542 1581 3651 primae
1593 3545 1719 3651 partis
1735 3542 1903 3627 solutio·

343 3664 406 3749 nis
418 3695 429 3758 5
441 3662 595 3771 dicitur
614 3666 782 3754 enimin
804 3661 979 3751 secunda
997 3664 1086 3771 ejus
1098 3686 1243 3774 parte:
1265 3664 1345 3747 Sed
1352 3660 1393 3771 fi
1405 3661 1516 3769 culpa
1531 3658 1583 3767 ejl
1596 3689 1725 3767 parva
1744 3662 1784 3742 in
1807 3662 1900 3742 ani·
1926 3690 2007 3751 utne
2019 3688 2110 3751 rm.

343 3813 437 3884 ma,
468 3780 512 3869 &t
529 3788 567 3869 ei
581 3786 795 3897 aequipollet
807 3784 1034 3889 panteneia
1053 3783 1249 3888 corporis,
1270 3779 1453 3890 liberatus
1470 3776 1522 3885 est
1536 3781 1758 3886 peceorord
1780 3806 1906 3885 prena
1962 3789 2045 3851 1’1‘P·
2059 3788 2090 3841 ⁷·

345 3896 388 3986 fa.
408 3902 520 4005 culpa
536 3954 550 3996 ,
567 3901 649 3977 hoc
673 3900 757 3991 est,
780 3890 1019 3977 fiaduntas
1036 3894 1305 3981 satisfaciendi
1327 3896 1368 3979 in
1388 3923 1565 4006 corpore
1589 3896 1646 3979 est
1664 3896 1902 4005 proportio-

346 4012 440 4099 nate
462 4009 626 4122 aqualis
652 4007 841 4121 parvitati
859 4006 1021 4116 culpae,
1043 4015 1087 4093 dr
1109 4012 1192 4121 ipsa
1211 4014 1457 4123 poenitentia
1479 4013 1522 4097 in
1543 4040 1670 4123 opere
1698 4015 1754 4097 est
1776 4014 1901 4098 etiarn

259 4149 263 4158 “
287 4154 290 4159 ·
346 4126 658 4241 proportionate
679 4124 843 4239 aequalis
864 4151 999 4235 poenae
1021 4128 1358 4239 correspondenti
1380 4131 1545 4241 culpae,
1580 4132 1775 4217 liberatur
1800 4160 1901 4243 pec-

346 4269 466 4333 cator
485 4247 640 4333 uedlun
661 4248 684 4330 lt
705 4246 852 4354 orlpe,
874 4241 945 4329 seri
966 4243 1092 4332 etiarn
1118 4248 1140 4329 i
1163 4274 1297 4356 poeua.
1330 4248 1476 4335 Tertia
1501 4250 1714 4336 solutionis
1733 4278 1825 4361 pars
1844 4252 1902 4337 est

324 4401 327 4406 ·
347 4366 419 4452 ista
433 4398 443 4447 ε
459 4367 564 4451 ltere
581 4424 600 4467 ‚
604 4364 644 4478 st
660 4366 773 4477 culpa
793 4362 845 4470 est
864 4390 1009 4472 magna
1028 4366 1070 4446 in
1090 4366 1222 4449 anima
1243 4362 1284 4451 dr
1299 4370 1524 4475 paenitentia,
1546 4368 1644 4451 levis
1664 4372 1704 4451 in
1725 4398 1902 4479 corpore,
1925 4380 2007 4445 Attus
2019 4384 2114 4450 Tere.
2140 4465 2143 4479 Ι

337 4482 595 4597 sedcoarritio
613 4480 655 4569 ἃ
674 4483 786 4569 dolor
803 4476 845 4566 Cr
865 4480 977 4588 culpa
992 4482 1237 4594 aeqteipollent
1250 4486 1291 4567 in
1314 4488 1444 4568 anima
1461 4543 1477 4584 ,
1496 4488 1641 4567 rarione
1661 4488 1809 4571 uirtutis
1825 4489 1902 4573 Sa·
1955 4485 2079 4545 ΡΜ

345 4605 530 4688 cruntenti
554 4602 738 4686 liberatur
754 4597 812 4711 cst
832 4624 1009 4708 peccaut
1027 4602 1183 4709 dpoena
1207 4598 1395 4712 &culpan
1423 4602 1473 4683 ln
1508 4600 1590 4685 hoc
1620 4604 1749 4689 tertio
1776 4606 1901 4707 caria,

347 4720 590 4831 supponimr
615 4720 657 4803 in
678 4736 929 4829 peccatore,
951 4714 1104 4803 nedum
1121 4721 1347 4820 contritio,
1370 4723 1412 4803 dc
1435 4716 1583 4820 dolor,
1605 4746 1685 4832 per
1702 4722 1748 4808 se
1761 4723 1899 4834 requi..

73 4806 84 4840 ⁹
241 4912 249 4921 .
347 4836 429 4923 fita
446 4844 487 4923 dr
509 4836 727 4931 necessaria
746 4838 799 4921 ad
819 4834 1094 4921 remiffionem
1109 4841 1242 4947 culpae
1262 4898 1282 4937 ,
1299 4834 1371 4920 sed
1390 4834 1515 4927 etiam
1537 4840 1658 4940 talis,
1674 4840 1788 4947 qubd
1804 4868 1901 4925 cum

347 4956 430 5042 levi
456 4952 726 5041 satisfactione
749 4954 957 5063 corporali
980 4954 1152 5040 sufficiat
1172 4954 1228 5039 ad
1245 4952 1592 5064 aequipollendum
1617 4954 1743 5039 etium
1764 4980 1898 5063 poeure

346 5075 568 5186 temporali
588 5070 924 5185 correspondenti
945 5073 1214 5185 magnitudini
1236 5071 1369 5181 culpae
1394 5103 1408 5153 e
1429 5102 1478 5159 ac
1489 5070 1670 5187 proinde
1699 5070 1898 5185 supponi-
2052 5167 2063 5179 ,

350 5214 421 5279 tur
433 5190 774 5279 extraordinarius
787 5192 912 5278 dolor
920 5191 1177 5278 contritionis
1191 5195 1262 5292 ,dr
1282 5192 1377 5275 cum
1395 5192 1562 5277 istenon
1581 5186 1767 5277 videatur
1786 5189 1898 5301 poffi

356 5309 438 5401 effe
458 5308 789 5419 finerotmute,
803 5310 947 5415 saltem
955 5309 1178 5423 impliciti,
1198 5310 1411 5422 aqualiter
1423 5304 1725 5517 latirfadffilid,
1740 5308 1901 5429 ideolp

257 5447 259 5452 '
475 5430 589 5517 Tou.
616 5430 727 5530 111.
753 5475 761 5489 ,
1468 5490 1474 5502 .
