5150 6667
489 746 497 755 .
630 617 1486 795 DISSERT.11.§.ri.
1759 719 1837 803 293

84 877 103 895 ,,
279 834 697 1062 zeqduusstac'iiones,
729 828 771 918 te
796 832 834 915 F
833 830 923 915 isius
944 856 1058 949 unan
1083 828 1303 926 ac‘sionem,
1330 821 1508 911 &unam
1523 823 1764 939 pofflom,
1798 858 1841 917 ur

313 986 349 1039 tc
367 984 466 1039 unte
498 1014 509 1035 .

343 1072 458 1157 XIX.
483 1068 587 1157 Sane
611 1070 772 1154 istemet
786 1066 947 1151 Textus
970 1082 1134 1150 notatus
1156 1056 1296 1171 aperte
1316 1060 1491 1148 ostendit
1504 1062 1616 1173 quod
1633 1064 1757 1175 pallio
1781 1068 1841 1154 ibi

283 1190 456 1274 sumitur
469 1190 628 1275 tantum
640 1183 1000 1301 grammaticaliter
1021 1208 1098 1291 pro
1121 1178 1388 1290 produssione
1412 1180 1588 1289 passiva,
1611 1185 1708 1266 ciun
1723 1187 1840 1270 Tex-

285 1328 353 1393 tus
377 1308 558 1394 intendat
581 1306 788 1417 probare,
812 1300 923 1414 quod
946 1300 1120 1410 Spiritus
1145 1299 1312 1383 sanetus
1334 1295 1612 1407 produciturs
1630 1301 1752 1405 Patre
1766 1361 1781 1401 ‚
1797 1310 1839 1389 dr

287 1427 398 1512 Filio
420 1458 432 1521 ;
457 1424 604 1511 deinde
627 1418 751 1538 passio
766 1422 937 1505 sumitur
959 1417 1010 1503 eb
1035 1414 1194 1516 modo,
1274 1416 1300 1497 ὃ
1322 1416 1494 1500 sumitur
1507 1419 1631 1511 assim
1647 1421 1751 1506 assio
1774 1448 1845 1513 au·

279 1539 377 1629 lm
391 1546 562 1630 sumitur
575 1572 651 1654 pro
665 1541 791 1627 asliva
812 1536 1104 1649 productione,
1119 1443 1316 1643 atquffia
1337 1534 1461 1643 passio
1484 1564 1562 1647 pro
1581 1538 1729 1647 passiva
1743 1569 1842 1651 pro-

288 1660 509 1786 dpptionffl
534 1661 645 1773 quod
673 1658 862 1769 expresse
885 1648 1142 1765 specificatur
1164 1650 1263 1735 dum
1289 1650 1440 1737 dicitur
1465 1712 1479 1755 ,
1511 1656 1666 1741 Filium
1687 1660 1839 1746 habere

284 1809 405 1864 unum
424 1778 656 1891 pqffionem,
692 1782 928 1889 inquantum
950 1776 976 1855 d
998 1773 1113 1856 Patre
1134 1771 1266 1877 recusit
1287 1770 1516 1876 filiationem
1543 1806 1561 1874 ;
1588 1774 1635 1857 id
1666 1778 1759 1880 est,
1799 1778 1843 1863 in
1903 1873 1907 1879 ⁴

286 1920 489 2007 quantum
505 1902 533 1981 ’ὲ
555 1898 676 1983 Patre
698 1894 969 2007 producitur,
985 1918 1030 1973 ac
1049 1886 1222 2000 proinde
1242 1885 1392 1997 passio,
1414 1915 1504 1999 quae
1517 1892 1733 1979 atribuitur
1746 1897 1842 2006 Spi-
1986 1925 1992 1935 ·

288 2015 391 2099 ritui
419 2018 592 2117 Sancto,
624 2044 705 2099 non
729 2016 785 2099 est
807 2011 914 2096 aliud
937 2009 1059 2120 quim
1081 2002 1204 2116 ipfius
1232 2004 1447 2115 produstio
1467 2008 1617 2118 passiva
1648 2042 1660 2105 3
1693 2011 1844 2099 dicitur

287 2154 431 2219 autem
446 2136 595 2219 habere
618 2133 715 2217 duas
738 2130 962 2243 paffioneS,
990 2148 1116 2237 prout
1136 2122 1404 2235 explicuimus
1419 2127 1543 2210 citato
1570 2150 1672 2215 tom.
1693 2160 1730 2214 z.
1750 2160 1841 2241 cap.

290 2278 332 2357 9.
356 2280 439 2336 non
463 2252 630 2364 quidem
649 2251 745 2335 duas
768 2248 905 2360 quoad
922 2248 1078 2330 fessum
1100 2239 1378 2353 produssionis
1400 2244 1591 2353 passivae,
1614 2247 1683 2333 sed
1710 2248 1845 2361 quoad

210 2394 216 2403 ·
290 2392 588 2472 connotatum,
610 2388 809 2481 quatenus
832 2370 854 2450 ὲ
885 2365 1039 2449 duabus
1062 2362 1249 2447 Personis
1272 2360 1545 2470 producitur:
1573 2366 1754 2478 adeoque
1777 2371 1844 2451 in-

293 2486 429 2573 debite
448 2491 596 2576 relatus
617 2488 726 2573 Lulli
741 2488 901 2571 Textus
917 2481 1085 2594 praefata
1099 2480 1273 2565 inuritur
1287 2480 1497 2583 Censurs,
1516 2484 1612 2568 cum
1628 2485 1738 2597 apud
1751 2511 1845 2570 om-

293 2634 365 2691 nes
386 2606 535 2694 debeat
556 2604 637 2694 effe
661 2626 820 2691 certum
839 2599 1069 2709 huju-smodi
1090 2600 1319 2699 astionem,
1349 2604 1392 2683 δι
1414 2599 1665 2710 passionem,
1691 2602 1735 2689 id
1759 2606 1846 2706 ess,

293 2726 472 2834 sumptas
495 2756 571 2838 pro
594 2726 719 2810 adira
740 2722 1009 2834 produsiione
1033 2724 1075 2803 dc
1090 2718 1264 2827 passiva,
1287 2712 1367 2837 esse
1387 2718 1428 2801 in
1452 2721 1551 2808 Deo
1565 2755 1577 2815 ς
1591 2744 1711 2833 atque
1730 2723 1786 2808 ita
1802 2723 1846 2811 in

293 2842 395 2927 Deo
409 2842 488 2929 esse
511 2846 711 2928 aulonem
731 2849 770 2927 dc
795 2840 1018 2951 passionem
1041 2837 1187 2947 absque
1211 2834 1392 2930 defemn
1411 2834 1443 2923 fi
1464 2841 1574 2925 enim
1592 2843 1694 2925 astio
1712 2843 1846 2951 potest

293 2961 492 3071 concipi,
520 2965 666 3072 absque
691 2958 876 3061 defestu,
908 2961 964 3041 ita
986 2956 1111 3041 etiam
1129 2954 1254 3066 pallio
1276 2953 1413 3041 eidem
1436 2959 1771 3070 correspondens.
1824 3040 1828 3049 .

355 3082 447 3163 XX.
483 3082 579 3165 Haec
612 3078 748 3164 oninia
769 3076 957 3187 expressi
990 3074 1115 3161 docet
1138 3068 1303 3160 Casiilla
1338 3074 1379 3158 in
1405 3076 1572 3187 speculo
1600 3077 1844 3190 Theologiae

293 3194 565 3299 Bucconicae,
586 3218 689 3282 tom.
714 3224 750 3307 ς,
774 3200 885 3280 trad.
918 3225 980 3278 10.
1006 3192 1057 3277 de
1090 3192 1242 3277 Trinit.
1279 3191 1352 3275 ubi
1382 3198 1515 3303 quaest.
1544 3202 1611 3281 26.
1643 3193 1844 3308 inquirit:

298 3312 434 3398 Utrum
446 3314 694 3426 proceffioner
719 3316 859 3399 aciivoe
886 3308 1099 3421 &puffivoe
1113 3371 1127 3412 ,
1143 3312 1226 3423 fint
1247 3314 1334 3394 veri
1356 3306 1564 3424 &proprii
1580 3314 1627 3398 de
1646 3316 1842 3424 praedica-

296 3458 422 3517 mento
452 3438 653 3533 adsonis,
688 3429 729 3518 ἃ
756 3430 940 3541 puffionis
961 3434 984 3514 ‚²
1006 3432 1064 3513 Et
1095 3430 1254 3531 statim,
1285 3458 1398 3514 num.
1425 3460 1497 3544 95.·
1516 3433 1728 3544 praemittit
1760 3428 1845 3518 fic:
1917 3485 1921 3497 ·

295 3589 323 3629 η
351 3549 462 3635 Cum
480 3548 837 3660 potentieasiivae
852 3550 918 3633 sua
930 3548 1080 3660 passrva
1101 3548 1287 3659 potentia
1300 3552 1639 3663 correspondeat,
1656 3558 1697 3641 δι
1712 3552 1847 3636 omnis
1984 3544 1989 3553 ’

152 3680 159 3693 ’
294 3705 324 3749 ”
347 3672 534 3779 potentia
556 3667 606 3755 fit
626 3689 801 3780 propter
821 3668 937 3751 suum
959 3670 1123 3768 asstun,
1145 3666 1315 3754 cuilibet
1335 3671 1470 3757 adivae
1502 3670 1747 3783 processioni
1781 3670 1849 3753 sua

297 3826 326 3867 n
351 3814 518 3901 quaeque
537 3786 834 3899 correspondet
854 3784 1004 3907 passiva
1024 3788 1226 3897 processio
1250 3818 1261 3871 r
1283 3786 1391 3873 unde
1419 3851 1433 3893 ,
1459 3787 1554 3875 stin
1582 3790 1680 3874 Deo
1706 3788 1848 3871 damus

297 3944 325 3985 η
351 3912 393 3991 dc
417 3907 683 3993 concedimus
704 3906 891 4015 utrasque
911 3903 1214 4015 processiones,
1229 3908 1273 3991 ἀ
1290 3904 1420 4009 vere,
1444 3914 1487 3993 &
1517 3906 1711 4018 proprie,
1743 3903 1846 4017 ficut

297 4061 328 4103 n
353 4022 498 4111 eadem
519 4027 689 4124 veritate
708 4020 956 4109 confitemur
982 4023 1220 4137 originans,
1245 4028 1287 4107 ἀ
1314 4026 1583 4137 originatum,
1600 4026 1670 4110 has
1685 4022 1849 4109 easdem-

298 4181 327 4221 „
353 4142 583 4227 ustiones&
607 4144 828 4255 passiones,
842 4162 887 4225 ut
901 4170 975 4252 par
992 4144 1077 4241 est,
1097 4142 1293 4259 debemus
1311 4142 1352 4226 in
1369 4144 1437 4232 illo
1452 4142 1846 4254 concipere,ablatis

106 4284 119 4291 ·
294 4296 329 4341 ss
353 4259 403 4343 iis
422 4260 826 4372 imperfectionibus:
849 4288 945 4369 quas
964 4260 1006 4347 in
1019 4263 1174 4349 creatis
1192 4261 1519 4374 processionibus
1538 4262 1847 4376 cognoscimus,

296 4418 328 4459 ‚2
354 4382 396 4462 δι
421 4405 510 4490 quae
528 4381 762 4471 limitationi
784 4381 875 4467 sunt
890 4380 1093 4465 obnoxie.
1131 4380 1347 4491 Hucusque
1372 4412 1515 4471 omnes
1542 4380 1762 4467 convenire
1780 4401 1848 4465 te-

296 4537 328 4578 „
352 4518 531 4600 nentur,
551 4500 749 4587 &abhoc
769 4496 915 4609 incipit
931 4489 1138 4585 diversitas
1154 4500 1194 4585 in
1210 4499 1336 4607 modo
1350 4500 1549 4588 sentiendi
1562 4501 1670 4587 circa
1687 4500 1849 4610 apicem

196 4640 224 4653 ··
298 4654 328 4697 n
355 4620 396 4704 dc
414 4616 686 4727 quidditatem
707 4619 852 4703 harum
874 4617 1103 4703 divinarum
1120 4618 1436 4729 processmnum.
1760 4701 1767 4707 ,

329 4784 333 4789 ·
361 4736 476 4819 XXI.
509 4736 661 4838 Unde,
680 4766 779 4821 num
804 4765 872 4843 99.
891 4738 994 4825 hanc
1011 4739 1146 4823 statuit
1163 4736 1468 4824 conclufionem
1480 4738 1657 4848 primam
1670 4768 1680 4818 r
1693 4733 1850 4846 Proces—
1983 4829 1988 4852 .

285 4849 583 4963 fiones'essivoe
608 4858 873 4966 Divinaesunt
892 4856 1090 4965 degenere
1113 4854 1154 4945 ἃ
1173 4858 1466 4966 prndimmenro
1496 4860 1697 4955 odionis,
1726 4883 1849 4963 quam

299 4968 404 5059 dicit
422 4969 503 5057 esse
527 4972 721 5059 Dotioris
745 4973 910 5061 resoluti
931 4972 1094 5060 loannis
1110 4975 1306 5075 Baconii,
1328 4974 1370 5061 in
1396 5004 1430 5057 1.
1455 4974 1541 5065 disi.
1558 4972 1597 5057 8.
1618 4980 1659 5058 ἀ
1674 4972 1849 5079 probat,

299 5088 397 5197 quia
418 5091 522 5175 attio
535 5111 582 5175 ut
595 5092 774 5204 spestans
794 5090 1227 5204 ad.praedicamerltum
1240 5094 1298 5179 est
1317 5092 1537 5203 perfeuio,
1553 5120 1642 5202 quae
1660 5087 1851 5197 deputari

301 5210 440 5315 potest
464 5208 514 5293 ab
538 5211 653 5298 omni
674 5208 835 5302 defertu
861 5270 874 5312 ,
910 5240 957 5297 ae
993 5210 1167 5321 proinde
1200 5210 1364 5297 adeam
1400 5212 1549 5322 spedat
1572 5208 1674 5293 auio
1702 5204 1849 5292 divina.

303 5322 477 5451 Bostea,
500 5355 612 5423 num.
635 5358 729 5417 102.
747 5328 850 5429 hanc
874 5329 1013 5453 scribit
1029 5325 1336 5449 conclusionem
1348 5328 1565 5441 secundam
1580 5356 1591 5409 ι
1604 5322 1854 5455 Proreffionrs
