5150 6667
1245 669 2157 788 DISSER-Tj
2272 701 2499 786 111.
2627 704 2703 814 ς.
2829 702 3063 789 111.
3394 802 3398 805 ,
3523 699 3676 822 '65

581 874 702 933 tus
738 845 1073 957 Spiritus
1101 844 1274 959 efflet
1296 847 1374 929 F
1373 844 1552 927 ilius
1609 845 1871 927 Patris
1897 876 1934 946 ,·
1986 872 2208 970 ΠΨ.
2273 849 2399 925 16.
2447 845 2535 927 Si
2575 844 2830 925 Filius
2880 829 3681 954 fitelligendffPatrem

569 968 1012 1075 produceret
1065 966 1431 1048 Sanc‘lum
1488 963 1842 1069 Spiritum
1875 1020 1902 1060 ,
1938 961 2111 1075 effer
2152 963 2384 1043 Pater
2413 962 2686 1045 Sanc‘t'i
2719 962 3046 1067 Spiritz‘t's
3075 995 3109 1063 ;
3158 968 3239 1047 ὅ(
3282 992 3508 1048 num.
3553 998 3721 1075 17.

581 1087 789 1194 Quia
836 1086 1069 1167 Pater
1105 1078 1188 1165 δ’
1224 1082 1302 1164 F
1300 1082 1481 1163 ilius
1508 1076 1595 1187 se
1622 1079 2217 1187 contemplamur
2240 1106 2384 1186 per
2425 1075 2751 1161 amorem
2781 1139 2807 1177 ,
2858 1074 2944 1163 δ’
2970 1109 3122 1161 non
3156 1112 3298 1188 per
3345 1089 3690 1190 paterni-

577 1229 801 1286 tatem
842 1261 869 1302 ‚
915 1230 1052 1283 nec
1076 1230 1220 1308 per
1223 1199 1681 1308 filiationem
1714 1256 1741 1297 ‚
1773 1198 2203 1305 producunt
2230 1198 2597 1280 SanHum
2636 1197 2990 1304 Spiritum
3036 1201 3163 1308 qui
3198 1229 3347 1283 non
3386 1201 3488 1306 est
3528 1203 3689 1284 Pa-

576 1336 686 1404 oer
732 1349 870 1402 nec
921 1319 1202 1400 Filius.
1257 1314 1660 1402 Videatur
1706 1315 1955 1398 etiam
1999 1313 2285 1397 Lullus
2334 1314 2416 1395 in
2456 1312 2655 1395 Arb.
2708 1313 3015 1398 Scient.
3065 1316 3147 1398 in
3182 1316 3481 1414 Arbor.
3524 1318 3687 1401 Di-

575 1437 821 1521 vinali
847 1496 875 1536 ‚
912 1435 1155 1520 titulo
1188 1434 1292 1519 de
1333 1433 1860 1547 generatione
1897 1436 1982 1515 &
2020 1431 2453 1540 spiratione
2500 1458 2655 1539 per
2698 1450 2997 1515 totum.
3023 1467 3048 1487 ·
3330 1491 3339 1495 -

689 1554 996 1638 XXXI.
1056 1550 1305 1635 Plane
1344 1612 1372 1652 ,
1435 1549 1740 1635 nedum
1795 1548 2208 1661 distinguit
2259 1546 2556 1631 Lullus
2609 1551 3230 1660 generationem
3267 1555 3328 1637 ,ὲ
3392 1554 3680 1664 Spira-

572 1674 799 1757 tione
828 1732 856 1772 ‚
888 1670 1026 1756 sed
1071 1697 1173 1755 eo
1220 1670 1469 1753 etiam
1513 1667 1754 1753 titulo
1793 1726 1820 1767 ‚
1868 1664 2090 1777 quod
2128 1666 2545 1779 generatio
2594 1668 2706 1749 est
2749 1694 2902 1775 per
2938 1669 3483 1771 intelleffilm‚
3530 1702 3686 1781 per

572 1788 1100 1901 sapientiam,
1151 1816 1303 1897 per
1356 1780 1811 1900 intelligere
1843 1846 1870 1885 ,
1916 1813 2067 1895 per
2128 1784 2567 1893 concipere
2634 1784 3005 1869 Verbum
3042 1846 3068 1887 ‚
3132 1793 3290 1872 δατ.
3350 1790 3685 1899 spiratio

572 1930 852 1993 autem
892 1909 1003 1991 est
1045 1934 1195 2016 per
1246 1906 1787 1989 reflexionem
1828 1902 2127 1988 amoris
2167 1961 2194 2002 ,
2249 1929 2400 2011 per
2444 1929 2810 1986 amorem
2837 1963 2864 2002 ‚
2910 1933 3062 2015 per
3106 1927 3475 1989 mutuam
3534 1909 3681 1992 he»-

572 2026 1032 2110 bitudinem
1074 2024 1336 2107 Patris
1367 2084 1394 2125 ‚
1442 2028 1524 2107 &
1571 2022 1761 2106 Filii
1807 2022 1888 2104 in
1938 2048 2214 2110 amore
2246 2080 2273 2119 ,
2332 2024 2491 2103 ἃς.
2535 2047 2639 2102 ex
2684 2020 2972 2128 quibus
3021 2024 3442 2123 omnibUS‚
3490 2028 3684 2109 cum

575 2147 883 2230 constet
918 2144 1142 2250 juxta
1186 2141 1358 2247 ejus
1396 2160 1764 2227 mentem
1812 2136 1975 2223 esse
2021 2137 2455 2249 proprium
2503 2136 2841 2245 Spiritui
2895 2140 3185 2227 Sancto
3226 2141 3678 2250 procedere

563 2291 717 2372 per
750 2291 1117 2347 amorem
1144 2320 1172 2360 ,
1220 2256 1426 2344 ficut
1469 2261 1584 2343 est
1609 2258 2046 2368 proprium
2090 2254 2305 2339 Filio
2346 2253 2797 2365 procedere
2831 2285 2979 2365 per
3006 2258 3623 2373 intelligentiam
3650 2323 3682 2362 ‚

565 2381 752 2465 ideo
800 2375 1213 2490 nunquai'n
1238 2379 1505 2488 potest
1541 2374 1690 2486 ipfi
1719 2375 2054 2460 attribui
2101 2371 2321 2482 quod
2359 2372 2765 2485 intelligat
2815 2374 3100 2458 Filium
3149 2382 3503 2487 generari
3535 2410 3680 2487 per

561 2529 891 2583 amorem
947 2528 1053 2585 ex
1089 2526 1191 2583 eo
1239 2496 1460 2604 quod
1503 2494 1719 2579 dicat
1748 2553 1776 2593 ,
1824 2492 2047 2602 qubd
2088 2493 2323 2575 Pater
2363 2492 2815 2574 naturaliter
2847 2492 3099 2602 diligis
3128 2525 3491 2604 generare
3535 2499 3677 2579 Fi-

565 2617 747 2699 lium
779 2677 806 2716 ‚
872 2622 953 2701 δε
1005 2613 1227 2727 quod
1267 2599 1422 2696 tale’
1459 2613 1768 2723 diligere
1812 2612 1916 2719 est
1942 2609 2333 2719 proprium
2362 2608 2587 2691 Patri
2621 2641 2656 2710 ,·
2702 2629 2883 2692 tum
2931 2612 3115 2721 quia
3152 2614 3377 2720 juxta
3414 2614 3679 2721 ipsum

574 2723 822 2817 Pater
867 2764 1034 2817 non
1089 2731 1351 2843 diligit
1392 2756 1780 2843 generare
1830 2729 2139 2811 Filium
2173 2753 2327 2835 per
2370 2753 2740 2810 amorem
2795 2726 2934 2811 sed
3001 2756 3154 2837 per
3208 2730 3682 2842 intelligen-

553 2849 772 2933 'tiam
811 2882 834 2942 ;
883 2871 1063 2933 tum
1110 2849 1357 2954 etiam
1401 2848 1583 2955 quia
1623 2844 2048 2954 productio
2091 2872 2244 2954 per
2270 2872 2639 2928 amorem
2668 2905 2695 2944 ‚
2742 2844 3022 2930 saltem
3072 2875 3176 2930 ex
3249 2849 3676 2931 communi

420 3002 431 3008 “
571 2966 1541 3081 Theologorum,sensu‚
1592 2959 1984 3076 fignificat
2046 2960 2387 3046 modum
2426 2961 2858 3071 proprium
2906 2965 3433 3073 processionis
3483 2966 3676 3074 Spi-

569 3085 777 3169 ritus
822 3087 1059 3169 sancti
1088 3142 1114 3183 ‚
1160 3083 1308 3194 qui
1353 3084 1672 3191 semper
1703 3084 1745 3163 a
1783 3082 2030 3164 Lullo
2058 3080 2396 3190 ponitur
2433 3076 2838 3161 distinctus
2868 3080 2910 3160 ὲ
2939 3078 3188 3165 modo
3226 3082 3676 3191 proceffio-

574 3206 699 3289 nis
737 3206 810 3288 F
817 3204 982 3295 ilii;
1027 3224 1205 3286 tum
1235 3201 1483 3314 etiam
1510 3258 1537 3299 ‚
1586 3199 1766 3308 quia
1806 3196 2006 3282 illud
2044 3227 2212 3283 non
2250 3192 2703 3309 significant
2732 3197 2904 3281 haec
2934 3199 3230 3283 verba:
3266 3199 3501 3282 Pater
3522 3230 3674 3282 na-

569 3323 916 3436 turaliter
950 3320 1204 3426 diligit
1234 3344 1594 3427 generare
1638 3315 1923 3398 Filium
1965 3346 1988 3406 ;
2053 3335 2233 3397 tum
2280 3341 2606 3424 quoque
2656 3316 2839 3424 quia
2865 3315 3058 3400 licet
3102 3315 3424 3400 dilectio
3454 3378 3481 3417 ‚
3521 3320 3677 3427 qua

565 3436 816 3524 Pater
842 3436 1109 3548 diligit
1132 3457 1520 3546 generare
1543 3434 1848 3517 Filium
1885 3492 1912 3532 ,
1949 3453 2387 3519 concurrat
2430 3431 2532 3515 ad
2576 3433 2766 3516 Filii
2798 3435 3415 3545 generationem
3450 3435 3679 3541 juxta

568 3583 857 3641 omnes
893 3613 920 3654 ,
972 3559 1055 3638 δε
1091 3553 1192 3635 fit
1233 3551 1480 3635 Aecus
1526 3577 1692 3661 quo
1743 3550 1991 3635 Pater
2030 3551 2318 3636 volens
2379 3548 2771 3660 producit
2830 3553 3132 3636 Filium
3193 3554 3615 3637 volentem
3643 3614 3676 3654 ‚

569 3675 694 3757 illa
741 3672 1069 3776 dilectio
1111 3671 1245 3753 vel
1282 3672 1497 3753 actus
1536 3697 1703 3753 non
1738 3670 2159 3754 concurrit
2201 3664 2349 3752 nifi
2377 3691 2469 3751 ut
2498 3672 2714 3752 actus
2756 3672 3131 3754 naturalis
3161 3670 3675 3780 producendi

568 3788 914 3875 fimilem
943 3790 1026 3873 in
1067 3779 1344 3872 n‘atura
1373 3847 1400 3887 ,
1432 3792 1513 3871 δε
1553 3788 1692 3871 sub
1742 3787 2153 3871 intellectu
2180 3807 2595 3895 tamquam
2630 3788 3037 3898 principio
3065 3819 3207 3901 quo
3237 3789 3670 3896 proxime,

544 3924 732 3994 'non
784 3905 1513 4017 autem-concurrit
1557 3934 1709 4016 per
1762 3903 2105 3988 modum
2149 3905 2447 3988 amoris
2484 3965 2511 4006 ,
2577 3910 2661 3991 &
2710 3908 3099 4014 quatenus
3170 3907 3308 3989 est‘
3352 3905 3667 4012 princi-

562 4021 798 4137 pium
843 4057 987 4144 quo
1018 4086 1045 4127 ,
1116 4024 1250 4108 vel
1297 4023 1678 4133 proprius
1708 4026 1935 4140 ‘astus
1982 3998 2417 4107 notionalis
2451 4083 2478 4123 ,
2539 4050 2701 4132 quo
2759 4022 3247 4133 producitur
3316 4021 3673 4131 Spiritus

573 4143 903 4227 Sanctus
932 4203 959 4246 ,
1018 4142 1269 4255 qualis
1307 4170 1538 4227 amor
1601 4136 2094 4255 fignificatur
2136 4200 2165 4243 ,
2223 4139 2422 4291 duni
2477 4140 2831 4228 absolute
2881 4140 3181 4227 dicitur
3235 4138 3670 4252 productio

552 4290 700 4373 per
746 4286 1107 4347 amorem.

809 5427 1029 5525 Tom.
1090 5439 1301 5523 III.
2570 5371 2574 5377 ·
3257 5419 3306 5501 Ῑ
