5150 6667
632 753 637 762 ·
735 701 815 836 1942
887 685 1223 828 vruur'c.
1285 717 1545 806 tona..
1587 713 2146 810 rontinmser.

730 865 961 980 secratum3
985 863 1127 948 Lullus
1151 881 1289 950 autem
1306 859 1374 945 hlc
1395 860 1466 948 sub
1486 859 1734 970 compendio
1757 843 2289 969 explicat'hominis'nutri-

719 986 918 1083 tionem,
942 988 984 1068 ἃ
1007 980 1174 1066 ideoad
1189 973 1501 1066 conversionem
1515 979 1630 1090 panls
1644 979 1686 1064 in
1709 978 1918 1064 Christum
1932 976 2167 1069 immediate
2190 979 2286 1063 sub·

634 1165 641 1178 -
726 1104 856 1190 nean
870 1101 1249 1186 transmutationem
1265 1099 1307 1181 in
1316 1125 1482 1183 curnem
1496 1096 1778 1196 comedentis,
1796 1096 1889 1215 quia
1901 1095 2177 1178 exalibiditlis
2191 1097 2286 1208 sup-

730 1222 850 1332 ponit
862 1219 936 1303 alia
949 1215 1248 1329 praerequilie‘u
1265 1221 1307 1301 ὅ(
1325 1211 1621 1325 consequenter
1634 1239 1765 1327 neque
1779 1213 1970 1326 intelligit
1983 1213 2025 1298 in
2038 1213 2280 1300 ho'cTextu

731 1368 895 1424 manere
910 1339 950 1422 in
967 1336 1212 1424 Eucharistia
1227 1334 1481 1418 substantiam
1502 1333 1645 1447 paula,
1668 1359 1758 1444 quae
1774 1331 2038 1418 convertatur
2055 1332 2097 1415 in
2111 1359 2280 1418 carnem

657 1525 666 1536 ,
733 1452 1015 1555 comedentis,
1039 1455 1131 1564 quia
1153 1480 1205 1538 ex
1226 1451 1460 1562 supradietis
1477 1471 1565 1536 tota
1576 1450 1691 1562 panls
1713 1449 1952 1552 substantia,
1968 1451 2225 1536 convenitur
2239 1452 2284 1536 in

654 1573 657 1580 ’
734 1585 884 1686 eorpus
900 1571 1071 1664 Christi;
1087 1599 1133 1654 ac
1147 1569 1321 1680 proinde
1337 1599 1421 1656 non
1435 1592 1596 1672 manet,
1610 1568 1681 1656 sed
1688 1570 1868 1672 mntem,
1878 1568 2006 1676 modo
2018 1568 2285 1672 dietmarus
2312 1603 2325 1632 ·

594 1739 596 1746 ·
688 1682 708 1718 ⁶
733 1695 883 1798 mutari
896 1696 948 1776 in
969 1717 1134 1776 carnem
1152 1679 1418 1777 comedentis.
1489 1711 1496 1718 ·
2046 1741 2065 1774 .

793 1812 886 1897 LV.
909 1809 980 1894 De
1003 1807 1145 1894 eadem
1164 1807 1388 1933 nutritione
1403 1810 1553 1899 itemrn
1565 1810 1708 1894 tradat
1724 1865 1741 1910 ,
1758 1804 1943 1918 quamuis
1963 1805 2126 1908 obiter,
2137 1807 2287 1892 Lullus

727 1934 778 2014 'in
795 1927 905 2038 Disp.
928 1929 966 2010 F
966 1927 1053 2010 idel.
1066 1920 1119 2029 ,ἃ
1136 1926 1289 2035 Itfidel.
1314 1927 1450 2030 (tom.
1464 1934 1545 2038 4.)
1565 1947 1670 2038 part.
1687 1949 1721 2036 ς.
1737 1925 1789 2011 de
1808 1927 2105 2026 Sacramenta,
2119 1955 2229 2009 num.
2237 1953 2283 2026 4.

734 2075 828 2160 pag.
853 2073 920 2156 37.
938 2046 1036 2146 ubi,
1055 2068 1181 2154 prout
1201 2045 1329 2130 verba
1344 2046 1583 2146 retttlimtu,
1603 2067 1715 2130 num.
1740 2049 1780 2126 6.
1800 2043 1932 2158 arguit
1945 2039 2127 2127 Infidelis
2143 2057 2157 2145 ;
2171 2044 2287 2154 quod

735 2162 767 2250 fi
790 2165 1001 2249 substantia
1018 2162 1134 2272 panis
1170 2164 1541 2260 transubstmtiatur
1563 2167 1605 2248 in
1627 2163 1794 2272 Corpus
1827 2161 2011 2263 Christi,
2048 2161 2142 2246 chm
2178 2161 2285 2270 istud

714 2271 879 2370 ¹habeat
903 2275 1212 2368 determinatam
1230 2268 1499 2392 quantitaiem
1513 2281 1564 2366 ad
1576 2284 1687 2366 suam
1703 2279 2020 2391 persedionem,
2035 2302 2105 2364 aut
2118 2283 2282 2372 tantum

718 2423 907 2514 -augetur
928 2429 982 2602 ἴ
1002 2421 1111 2484 tanta
1133 2428 1285 2508 panum
1313 2385 1678 2521 trarifinutatione,
1702 2420 1751 2483 ut
1776 2399 1949 2484 excedat
1971 2399 2286 2484 determinatam
2372 2438 2376 2444 ¹

733 2520 813 2604 suae
829 2517 942 2628 perfe
984 2518 1091 2603 ionis
1106 2511 1406 2627 ’quantitatem
1425 2519 1536 2630 quod
1549 2517 1630 2605 elle
1646 2519 1788 2634 nequit
1805 2549 1816 2608 3
1840 2539 1936 2618 aut,
1958 2517 2061 2600 fatie
2080 2519 2287 2601 transubs-

734 2637 1001 2737 tantiatione,
1024 2658 1112 2720 tota
1129 2637 1195 2720 illa
1217 2638 1413 2740 materia,
1436 2665 1526 2748 quae
1543 2638 1756 2748 superfluit
1777 2634 1897 2720 ultra·
1912 2636 2179 2773 quantitatqn
2205 2636 2285 2721 de*

733 2756 993 2840 terminatam
1016 2755 1201 2864 corporis
1224 2755 1403 2857 Christi,
1424 2756 1589 2866 deyenit
1606 2755 1647 2841 in
1667 2755 1852 2840 nihilum.
1873 2754 1946 2838 Ad
1959 2770 2285 2864 utramque-par·

733 2891 822 2958 tem
853 2874 970 2979 hujus
993 2873 1238 2958 dilemmatis
1265 2873 1485 2985 respondet
1516 2874 1659 2958 Lullus
1688 2901 1765 2983 per
1791 2873 1917 2957 verba
1938 2873 2091 2958 ibidem
2118 2873 2279 2957 relata:

674 3041 676 3048 ι
734 2990 926 3100 explicite
956 2991 1121 3102 quidem
1136 2990 1187 3074 ad
1203 2991 1409 3102 primam,
1429 3000 1470 3078 oc
1487 2991 1685 3103 implicite
1703 2992 1753 3076 ad
1769 2991 2006 3078 secundam.
2028 2991 2093 3075 hd
2107 2993 2286 3100 primam

698 3203 716 3232 1
735 3107 837 3194 dicit
844 3121 873 3210 ,⁹
896 3110 979 3192 uod
992 3111 1033 3220 in
1053 3111 1344 3220 supernaturali
1358 3112 1596 3221 operatione
1613 3103 2285 3211 transubstantiatione,uibrantia

592 3277 600 3290 ·
639 3289 641 3294 -
731 3227 849 3337 pals
866 3139 948 3312 ime
974 3207 1339 3338 quahtitatssiplius
1361 3231 1476 3340 panis
1500 3226 1641 3314 transit
1661 3230 1702 3312 in
1726 3229 1980 3314 substantiam
1994 3229 2079 3313 veri
2095 3230 2287 3340 corporis
2386 3213 2397 3240 ⁰

734 3342 1026 3462 Iesu-Christi,
1047 3351 1087 3429 ἃ
1111 3365 1333 3455 propterea
1347 3377 1430 3432 non
1446 3366 1738 3462 augmentatur
1751 3348 1880 3458 ipsum
1895 3372 2045 3456 corpus
2059 3406 2071 3447 ,
2087 3347 2179 3453 quia
2194 3345 2287 3433 fine

712 3489 841 3546 nova
868 3464 1089 3571 quantitate
1114 3465 1171 3546 est
1200 3463 1455 3572 impossibilis
1478 3465 1755 3579 augmentatio
1785 3467 1968 3574 corporis
1993 3494 2005 3556 ;
2029 3469 2069 3548 ἃ
2091 3463 2165 3545 hac
2196 3467 2291 3548 res-

577 3661 594 3694 ,
712 3573 934 3687 pensione
957 3578 1154 3690 implicite
1176 3580 1296 3664 solvit
1320 3573 1537 3669 secundam
1558 3605 1718 3694 partem
1741 3581 2011 3682 dilemmatis,
2033 3580 2125 3692 quia
2145 3641 2161 3680 ,
2181 3581 2287 3668 cum

711 3715 823 3780 'tota
844 3696 959 3806 panis
987 3697 1199 3784 substantia
1219 3693 1304 3784 fine
1328 3703 1551 3810 quantitate
1579 3721 1842 3788 convertatur
1863 3701 1904 3786 in
1926 3727 2076 3810 corpus
2100 3697 2287 3802 Christi,

733 3809 839 3901 ficut
856 3815 957 3914 nihil
975 3817 1017 3918 in
1039 3817 1127 3926 ipso
1145 3829 1340 3928 augetur,
1355 3818 1411 3903 ita
1424 3822 1523 3904 nihil
1539 3817 1613 3928 ips1
1635 3820 1874 3935 superfluit,
1893 3825 1934 3903 de
1958 3818 2011 3903 ita
2033 3817 2200 3906 materia
2211 3819 2288 3903 seu

734 3931 949 4028 substantia
969 3935 1083 4044 panis
1106 3961 1189 4017 non
1212 3937 1481 4040 annihilatur,
1506 3939 1598 4049 quia
1632 3957 1720 4022 tota
1748 3938 2002 4022 convertitur
2034 3935 2213 4020 totaliter
2230 3936 2286 4032 jn

733 4077 886 4160 corpus
907 4051 1069 4136 Christi.
1097 4041 1195 4136 Po'st
1215 4053 1342 4150 relata
1358 4058 1511 4155 verba,
1542 4055 1694 4142 addens
1717 4056 1859 4140 Lullus
1895 4057 2014 4140 aliam
2041 4054 2241 4138 rationem
2266 4113 2286 4158 ,

734 4195 811 4260 cur
827 4168 931 4252 dieta
945 4169 1060 4278 panls
1074 4169 1287 4254 substantia
1308 4202 1391 4257 non
1410 4175 1678 4275 annihilatur,
1702 4172 1935 4259 immediate
1960 4173 2174 4284 subiungit.
2193 4174 2285 4255 Nec

696 4289 891 4406 ,materia
918 4283 1172 4388 (substantia
1201 4288 1395 4376 videlicet
1429 4281 1586 4403 pa'nls)
1615 4293 1852 4376 annihilatur
1870 4329 1893 4391 ·‚
1928 4293 2020 4408 quiq
2052 4292 2289 4396 convertitur

735 4401 855 4506 (non
885 4404 1152 4507 immediate,
1177 4405 1245 4490 sed
1259 4393 1466 4511 mediate,
1487 4413 1580 4496 clim
1594 4409 1835 4520 producitur
1857 4438 1962 4493 nova
1977 4408 2091 4518 panls
2107 4410 2295 4492 substan-

706 4519 792 4602 ·tia
820 4518 918 4604 dum
942 4546 1260 4636 corrumpuntur
1282 4527 1539 4630 accidentia,
1567 4555 1656 4640 quaa
1675 4558 1780 4613 nova
1802 4526 1916 4639 panis
1940 4528 2152 4610 substantia
2174 4541 2288 4632 conss

733 4638 909 4722 uertitur
930 4640 1164 4740 immediate
1192 4641 1234 4725 in
1262 4657 1427 4733 carnem
1455 4642 1745 4758 comedentis)
1765 4647 1851 4758 fine
1880 4647 2139 4728 occidentibus
2163 4642 2289 4753 ipfius

599 4843 615 4874 ,
733 4753 988 4867 Jemrcuristi
1011 4763 1051 4842 in
1086 4754 1349 4858 nutrimentum
1374 4769 1540 4873 torporis
1573 4768 1738 4848 hominis
1765 4765 1977 4872 recipientis
1998 4762 2120 4872 lpfitm
2143 4769 2289 4869 coeptis

734 4873 873 4984 Chresti
893 4910 911 4980 ,·
923 4877 1025 4987 ficut
1038 4880 1151 4986 priris
1171 4879 1350 4991 conversa
1361 4881 1497 4992 fuerat
1519 4883 1606 4995 stru
1635 4884 1893 4968 occidentibus
1908 4883 2089 4989 parisio
2101 4877 2291 4990 saihston-

728 4993 1134 5196 ἕξᾜυὲἒζὲἕΰωῗτψὶ,
1156 4997 1209 5078 iro
1228 4999 1484 5143 quddonimo
1507 5004 1614 5085 vivut
1633 5000 2006 5151 ᾆιιτιῗαζξριιιιιατιίζκι
2029 5056 2044 5100 ,
2076 4996 2118 5082 δ’
2141 5025 2288 5104 corpus

781 5194 906 5312 YLVJ.
927 5209 1116 5313 Froft'dh
1137 5229 1177 5312 in
1192 5232 1271 5314 hoc
1291 5248 1407 5319 textu
1430 5233 1500 5317 sub
1517 5213 1765 5343 compendio
1784 5219 1965 5346 explicat
1977 5233 2126 5319 Lullus
2141 5234 2307 5346 nutri,

563 5389 583 5399 -
730 5357 922 5448 tionem,
953 5373 1074 5459 quam
1094 5349 1215 5438 habet
1243 5347 1447 5459 recipiens
1481 5347 1772 5442 Eucharilliam
1793 5414 1806 5458 ,
1828 5354 1929 5440 dum
1951 5369 2290 5554 corrumpuntur

624 5507 626 5514 ·
2110 5495 2289 5584 petreae
