5150 6667
512 742 516 752 .
583 756 584 761 a
715 670 1082 785 DI'SS'EQR
1111 662 1268 762 nfit'
1323 668 1364 787 ξ
1426 667 1485 764 Vi
1573 731 1577 742 ‹
1631 706 1638 723 ·
1797 696 1879 791 '299

328 823 458 907 'anima
474 814 655 929 senfinvn
677 798 867 901 brri'torfit
889 818 914 898 tl
933 830 1165 927 generante,
1180 815 1298 926 ploro
1320 818 1624 905 inconvenientia
1638 817 1882 936 liquarentur

283 1004 285 1009 -
326 965 461 1049 contra
482 937 648 1021 ordinem
671 960 831 1021 notant.
855 934 1004 1045 Quaest.
1031 930 1099 1037 894
1119 962 1230 1017 num.
1258 962 1296 1019 2·
1653 950 1665 968 '

391 1054 598 1141 Censura:
624 1051 833 1163 Propofitio
855 1049 907 1158 est
926 1076 1109 1169 erroneo,
1127 1052 1189 1134 vel
1200 1040 1410 1137 admodum
1431 1057 1643 1139 temeraria.

333 1236 336 1241 -
365 1174 563 1261 XXXII.
595 1170 727 1255 Miror
749 1168 839 1252 sani
864 1190 949 1253 tam
970 1166 1086 1253 facili
1109 1167 1206 1255 cudi
1228 1169 1510 1283 Theologicos
1533 1200 1695 1257 errores
1723 1174 1765 1258 in
1789 1166 1877 1261 ma'·

330 1292 431 1379 teria
453 1289 554 1401 puri
573 1288 881 1399 philosophica,
902 1294 945 1372 &w
962 1286 1012 1375 de
1029 1314 1104 1399 qua
1125 1287 1225 1371 nihil
1243 1269 1474 1375 foimalite'r
1488 1314 1563 1374 nec
1582 1288 1884 1381 virtualiter'est
1918 1300 1921 1304 ’

326 1406 564 1519 expreffum
580 1407 627 1491 'in
650 1408 772 1491 Sacra
794 1404 1302 1514 ScrIptura,'traditione,
1323 1408 1401 1492 vel
1413 1406 1613 1493 Eotlefiac'
1630 1405 1882 1497 definitioni·
1974 1515 1980 1522 ἢ

329 1528 420 1615 bus.
444 1529 597 1611 Fateor
623 1524 789 1635 quidem
823 1524 992 1608 Lullum
1013 1547 1095 1607 non
1119 1523 1160 1607 in
1182 1524 1256 1615 hc
1286 1521 1447 1609 tantum
1468 1548 1607 1613 notata
1632 1532 1848 1639 quaestione

331 1644 403 1731 sed
423 1645 516 1729 alibi
530 1641 669 1753 paffim
690 1638 860 1727 alierere
878 1644 917 1725 in
940 1640 1106 1728 homine
1125 1663 1309 1751 ,praeter
1329 1644 1504 1727 animam
1517 1645 1783 1751 rationalem,
1801 1678 1825 1734 e
1859 1676 1882 1733 e

329 1766 489 1874 pariter
504 1761 679 1847 annnam
703 1756 957 1862 senlitivam,
981 1764 1022 1845 ὅ(
1044 1758 1152 1844 hanc
1169 1761 1350 1871 genitam
1372 1758 1481 1861 erre,
1508 1763 1580 1857 seu
1613 1768 1635 1848 t
1664 1787 1882 1878 generante

334 1880 574 1993 produilam
597 1910 610 1971 ε
636 1880 811 1963 animam
832 1880 932 1963 verb
963 1874 1203 1995 rationalem
1225 1879 1247 1960 i
1277 1878 1375 1981 Deo
1399 1899 1588 1990 creatam.
1612 1883 1787 1991 Nedum
1802 1886 1883 1969 hoc

332 1996 472 2087 *assirit
492 1999 659 2099 Lullus,
679 1996 754 2089 sed
770 1996 896 2083 etiam
910 1994 1140 2081 'efficaciter
1159 1994 1308 2105 probat
1326 1998 1613 2108 philpsophicis
1636 2002 1884 2103 ratIonibut,

333 2116 420 2203 imo
444 2123 486 2205 ὅ(
508 2114 1005 2231 indireitethe'ologicis‚
1036 2141 1206 2224 quarum
1228 2114 1336 2198 nulla
1365 2115 1577 2203 evidenter
1603 2122 1738 2227 potest
1770 2120 1881 2223 solvi.

331 2236 425 2321 Hoc
453 2232 543 2321 sani
565 2233 700 2319 fateor
725 2255 868 2321 tenere
891 2232 1087 2339 Lunum,
1114 2218 1344 2329 co'nllhter
1364 2254 1501 2321 tamen
1523 2238 1772 2346 pronuntio,
1795 2238 1887 2322 the·

262 2432 278 2465 ,
328 2348 408 2447 [ιω
431 2352 556 2462 ipsam
580 2350 631 2437 de
653 2352 918 2465 generatione
937 2350 1082 2447 animae
1100 2346 1296 2435 senfinvae
1319 2351 1359 2434 in
1377 2352 1544 2438 homine
1567 2356 1792 2439 nullatenus
1810 2353 1882 2438 ada

328 2471 481 2557 versari
504 2471 622 2557 alicui
639 2470 862 2580 Scriptura
879 2470 1042 2570 textui,
1069 2494 1201 2579 neque
1222 2469 1400 2553 rationes
1414 2527 1428 2569 ‚
1441 2472 1595 2581 quibus
1614 2472 1693 2557 hoc
1716 2473 1903 2581 probata

329 2589 517 2703 quinimo
531 2588 728 2674 eamdem
746 2588 858 2673 Lulli
879 2585 1263 2703 sententiam-valde
1293 2584 1541 2711 conformari
1563 2588 1770 2703 scripturae
1791 2591 1884 2693 senff

328 2706 422 2805 m,
453 2712 495 2792 a
519 2704 664 2815 parm.
739 2800 756 2805 ..
1343 2729 1347 2733 ·

332 2884 336 2891 .
393 2814 591 2909 XXXIII.
615 2826 727 2910 Dico
751 2826 912 2911 ‘nullum
941 2816 1171 2935 Scripturat'
1183 2844 1346 2909 textum
1364 2822 1479 2938 posse
1501 2823 1674 2925 adduci,
1698 2825 1765 2935 qui
1784 2853 1883 2910 con·

336 2940 472 3027 vincat
492 2943 665 3027 animam
691 2941 920 3029 senfitivam
940 2943 1118 3027 hominis
1138 2969 1221 3026 non
1240 2940 1322 3028 effe
1343 2944 1552 3055 genitam,
1569 2972 1646 3027 nec
1666 2970 1718 3027 ex
1736 2943 1884 3047 Eccle-

333 3055 404 3149 stae
426 3060 643 3147 traditione
666 3062 744 3146 hoc
766 3060 916 3147 deduci
939 3121 953 3162 ,
978 3061 1065 3144 imo
1082 3089 1135 3145 ex
1157 3054 1461 3146 definitionibus
1481 3059 1603 3172 ipfius
1630 3060 1803 3144 infertur
1825 3060 1886 3170 ip·
2000 3098 2007 3109 ·

333 3178 420 3276 iam
441 3174 644 3288 teliqulll'e
668 3178 709 3263 in
732 3181 799 3263 sna
820 3164 1108 3291 probabilitate
1131 3180 1233 3264 hanc
1265 3181 1506 3265 sententiam
1531 3180 1851 3289 philosophicam
1866 3209 1886 3271 x3

206 3336 216 3352 ,
335 3310 430 3383 n'am
456 3296 746 3409 ignotumnon
759 3299 837 3397 est,
856 3297 1137 3406 Apollinarem
1152 3295 1433 3383 Laoditemrm
1451 3298 1701 3408 Episcopum
1714 3292 1886 3381 tenuill'e
1939 3348 1943 3353 -

335 3412 377 3501 in
405 3414 640 3523 hominihus
662 3412 742 3499 elie
766 3417 941 3498 animam
961 3415 1261 3529 vegetativam,
1284 3414 1540 3516 fantinum,
1561 3421 1603 3499 ἀ
1626 3414 1886 3515 rationalem,
1973 3442 1979 3451 ·
2023 3457 2028 3461 ·

333 3558 487 3638 qnam,
514 3532 608 3643 quia
628 3532 863 3617 horninibus
885 3532 1129 3643 propriam,
1157 3536 1331 3620 vocabat
1360 3536 1577 3622 humanam
1607 3523 1815 3633 animam,
1846 3529 1887 3616 ἃ
2000 3632 2004 3639 ,

274 3676 276 3681 ’
330 3648 436 3741 licet
458 3650 610 3735 Deum·
624 3646 775 3735 fanum
796 3651 1010 3737 hominem
1029 3652 1071 3736 in
1099 3648 1263 3737 Christo
1283 3652 1535 3754 affirmaret,
1558 3651 1730 3766 negabat
1748 3672 1887 3735 tamen

335 3764 378 3855 in
395 3768 481 3876 ipso'
497 3767 674 3854 animam
687 3769 933 3871 humanam,
954 3767 1053 3855 lictt
1073 3768 1209 3855 eidem
1232 3771 1408 3857 animam
1426 3773 1722 3885 vegetativam,
1742 3773 1783 3851 u
1799 3762 1889 3851 sen'·

337 3879 497 3969 fitivam
521 3884 798 3988 concederet,
822 3908 868 3972 ut
890 3886 1018 3973 refert
1033 3884 1289 3973 Cabaiiutius
1306 3889 1346 3971 in
1361 3892 1513 3997 Notitio
1527 3884 1826 3997 Ecclefiasldec.
1848 3879 1888 3965 8.

338 3994 566 4115 adhynod.
592 4006 803 4097 OEcumen.
827 4000 868 4086 8.
891 4032 1003 4089 num.
1036 4022 1098 4089 η.
1122 4006 1174 4091 ad
1196 4004 1509 4117 ejusdem,··can.
1532 4027 1594 4087 ιο.
1612 4011 1652 4088 &
1667 4025 1803 4087 tamen
1818 4029 1886 4086 re-

336 4116 498 4205 ferente
521 4121 608 4229 ipsd
633 4121 684 4204 ad
704 4122 922 4223 saeculum,
948 4152 990 4262 g.
1015 4150 1106 4235 pag.
1134 4128 1363 4209 rot-“uum-
1386 4152 1427 4225 4.
1453 4122 1503 4231 in'
1515 4120 1789 4208 Alexandrina
1809 4118 1892 4232 sy.

336 4235 453 4321 nodo
475 4240 569 4323 anni
597 4248 690 4349 362.
712 4242 735 4321 i
758 4240 814 4322 D.
836 4238 1054 4326 Athanasio
1078 4243 1246 4349 conith,
1268 4244 1398 4327 soltm
1413 4241 1599 4334 damnata
1610 4240 1688 4323 fuit
1705 4238 1791 4346 ejus
1803 4239 1891 4321 hae·

249 4374 254 4385 ·
303 4363 306 4368 ’
335 4352 438 4439 rests
452 4383 602 4467 negant
625 4357 802 4441 animam
815 4358 1058 4447 rational-m
1082 4362 1122 4444 in
1144 4360 1342 4454 'Christ03
1366 4388 1441 4447 nec
1464 4362 1650 4464 Verbum
1667 4353 1892 4442 ullumfuit

213 4498 222 4515 ·
338 4492 486 4557 contra
509 4476 685 4561 animam
709 4474 935 4559 senfitivam
950 4478 991 4562 in
1016 4479 1132 4587 ipso,
1151 4479 1217 4563 vel
1235 4478 1275 4563 in
1290 4480 1375 4564 aliis
1397 4477 1651 4580 hominibus,
1670 4475 1891 4565 distinctam

338 4590 362 4673 ὲ
384 4593 573 4678 rationdi
591 4624 605 4685 t
624 4594 714 4709 imit
737 4622 789 4678 ex
812 4593 982 4679 Petavio
998 4592 1017 4696 ,'
1031 4597 1099 4681 lib.
1131 4618 1167 4680 r:
1182 4596 1412 4683 deducam.
1432 4612 1520 4707 c‘ap.
1542 4602 1580 4677 6.
1600 4624 1711 4680 num.
1732 4599 1796 4677 16.
1816 4591 1902 4677 dez

339 4710 472 4797 crevit
495 4710 579 4819 ipsa
599 4710 792 4823 Synodus
816 4712 1025 4797 Christum
1048 4775 1063 4816 ‚
1090 4738 1165 4799 non
1188 4714 1317 4829 soitlnt
1344 4719 1512 4804 anteon
1533 4772 1546 4814 ,
1565 4711 1639 4824 sed
1656 4716 1893 4798 etiommtn-

336 4848 411 4909 tem
426 4886 441 4925 ,
458 4829 657 4945 lmbm‘ffic
675 4831 762 4919 lraec
786 4830 897 4915 enim
920 4833 1120 4939 posterior
1136 4834 1352 4944 peculiaris
1362 4831 1449 4919 'init
1467 4831 1575 4917 labet
1589 4828 1892 4943 Apollinarista'-

182 4948 187 4959 '
336 4970 432 5027 rum
452 4977 471 5061 :⁸
487 4972 609 5053 qoam
635 4947 886 5055 potillmnlm
915 4950 1134 5037 notandam
1161 4952 1306 5035 Patres
1325 4950 1383 5035 illi
1406 4950 1674 5038 censuerunt.
1699 4940 1890 5032 'Idtclare
2018 4990 2025 5001 =

338 5053 592 5149 demonstrat
613 5064 1026 5177 synodicatoncilii
1041 5069 1146 5155 illius
1170 5068 1377 5176 Epistola,
1399 5098 1488 5180 quae
1502 5068 1608 5177 apud
1626 5054 1891 5147 Athanafium

338 5174 519 5290 legitur,
537 5182 608 5265 ubi
629 5182 859 5287 hujusmodi
877 5184 1072 5294 -prol'esslo
1096 5192 1118 5271 l
1141 5184 1369 5273 Catholicis
1394 5186 1445 5271 ad
1475 5181 1692 5269 ineundam
1709 5177 1891 5262 concor-
2026 5190 2034 5206 '

338 5293 451 5396 dim
470 5295 656 5413 exprell‘n
678 5300 859 5389 dicitur:
873 5304 1117 5391 minoen
1134 5332 1212 5389 non
1228 5302 1397 5422 intluiffl
1412 5298 1773 5505 “muniminum
1788 5354 1803 5400 ,
1819 5318 1891 5382 nte

728 5442 732 5450 ¹
1275 5433 1285 5450 ’
1635 5440 1712 5530 P¹l
