5150 6667
387 743 390 755 Ι
569 619 578 631 ·
693 556 1551 741 mammotreti
1693 622 1701 631 ·
1811 649 1900 744 '291

335 812 367 857 n
392 764 674 887 significandi,
697 762 801 851 ficut
820 766 934 851 Patri
950 766 1211 853 attribuimus
1229 794 1454 883 generare,
1479 771 1643 857 &Filio
1660 777 1860 885 generari.

400 892 520 979 XVI.
564 886 870 998 Itaque,j‘uxta
891 884 1051 969 Divum
1074 887 1317 990 Thomam,
1348 889 1452 971 asilo
1488 896 1530 975 ὅ(
1551 889 1710 1000 paffio,
1742 894 1909 979 remotb

298 1082 304 1097 .
338 1008 532 1112 debon,
559 1008 658 1091 Deo
682 1004 993 1105 attribuuntur,
1013 1032 1096 1089 non
1120 1004 1288 1115 quidem
1311 1007 1353 1090 in
1376 1007 1492 1091 sensu
1513 978 1821 1118 philosophico,
1837 1012 1908 1097 sea

343 1130 386 1214 in
409 1130 522 1213 sensu
542 1120 867 1240 grammaticali,
891 1143 1016 1233 prout
1034 1124 1140 1206 aetio
1164 1122 1265 1209 dicit
1287 1124 1547 1235 producere,
1572 1131 1613 1210 ἀ
1636 1128 1790 1235 paffio,
1809 1159 1907 1238 pro-

275 1286 289 1314 ·
345 1246 470 1350 duci,
491 1252 535 1332 ἀ
556 1240 816 1353 disculpanda
839 1243 899 1325 est
918 1238 1153 1326 Dosiorum
1175 1244 1332 1327 locutio
1355 1243 1509 1327 eisdem
1541 1246 1728 1329 terminis
1750 1269 1910 1349 utens,
2033 1320 2044 1339 .

343 1368 440 1451 clun
455 1368 477 1449 a
495 1362 691 1451 creaturis
715 1355 964 1447 sensibilibus
987 1361 1168 1445 sumatur
1186 1361 1333 1446 modus
1350 1357 1554 1475 loquendi
1572 1363 1623 1450 de
1643 1365 1765 1449 rebus
1783 1367 1908 1451 intel-

303 1508 306 1513 '
343 1483 593 1597 ligibilibur,
610 1477 838 1566 dummodo
864 1478 1003 1561 sanum
1025 1480 1183 1563 sensum
1206 1478 1463 1589 praetendat,
1502 1487 1544 1566 ὅ(
1566 1482 1804 1586 defessum,
1838 1486 1909 1595 qui
2028 1514 2033 1523 .

197 1646 201 1655 ·
344 1602 547 1688 astionem
563 1606 605 1685 ὅ(
619 1600 844 1709 passionem
858 1598 900 1681 in
915 1618 1099 1681 creatura
1112 1600 1334 1683 comitatur
1348 1658 1361 1700 ,
1377 1598 1474 1684 Deo
1490 1630 1572 1685 non
1588 1604 1794 1687 attribuat.
1807 1606 1909 1688 ‘Hoc

341 1741 484 1807 autem
510 1717 698 1830 expresse
720 1738 839 1801 cavet
867 1713 1012 1799 lullus
1043 1716 1215 1825 passim,
1246 1718 1316 1803 sed
1342 1718 1531 1828 expresse
1563 1721 1603 1803 in
1636 1721 1787 1806 eodem
1808 1722 1904 1806 Lib.
2000 1751 2003 1758 ’

345 1840 462 1926 Sene.
484 1866 591 1924 nam.
611 1838 751 1948 qtsaesta
766 1831 805 1917 8.
818 1832 943 1919 docet
957 1832 1272 1945 produsiionem
1291 1837 1333 1919 in
1343 1834 1448 1921 Deo
1466 1834 1547 1923 effe
1563 1835 1646 1923 fine
1665 1839 1909 1941 deseslibus,

345 1959 416 2066 qui
440 1958 592 2042 suntin
615 1954 883 2067 produitione
912 1974 1075 2053 creata,
1105 1950 1255 2039 &fine
1281 1956 1369 2039 ullo
1399 1956 1623 2051 accidente.
1648 1959 1799 2068 Quaest.
1840 1988 1908 2041 rr.

174 2107 179 2115 ·
344 2077 492 2183 objicit
505 2075 690 2161 Eremita
703 2110 721 2175 ,
736 2068 796 2158 fic
816 2100 928 2157 num.
957 2100 994 2157 2..
1023 2101 1049 2140 ‘⁶
1067 2072 1178 2157 Item
1195 2070 1225 2156 fi
1241 2074 1361 2160 Deus
1378 2103 1461 2159 non
1484 2078 1540 2159 est
1559 2077 1600 2160 in
1623 2104 1803 2190 genere,
1824 2106 1908 2177 non

342 2233 370 2274 n
398 2196 518 2281 estin
549 2192 776 2294 relatione,
799 2218 876 2277 nec
901 2188 953 2277 de
973 2218 1128 2304 genere
1150 2192 1318 2277 aelionis
1342 2198 1384 2277 bc
1406 2191 1596 2303 passiouis
1624 2253 1638 2295 ,
1670 2224 1746 2281 nec
1779 2199 1836 2281 est
1864 2195 1907 2304 iu

342 2352 370 2395 n
395 2315 467 2400 isto
487 2342 625 2415 nttnc,
646 2310 688 2395 in
718 2338 803 2421 quo
819 2310 985 2412 sumus,
1002 2338 1080 2395 nec
1103 2310 1148 2397 in
1168 2310 1245 2396 isto
1265 2312 1390 2413 loco,
1411 2312 1479 2397 vel
1501 2313 1542 2397 in
1563 2313 1670 2413 alio,
1702 2321 1744 2400 ὅ(
1776 2312 1831 2399 lic
1856 2304 1908 2398 de

343 2472 370 2513 n
395 2430 594 2519 similibus
605 2450 624 2513 'r
643 2428 799 2531 Unde,
821 2429 980 2515 remota
1002 2428 1201 2515 relatione
1226 2432 1247 2512 ὲ
1269 2431 1396 2531 Deo,
1421 2459 1505 2514 non
1527 2427 1630 2517 esset
1651 2432 1694 2515 in
1713 2432 1811 2517 Deo
1829 2430 1912 2516 dis-

342 2589 370 2631 „
395 2552 539 2637 tinsiio
560 2550 860 2649 Personarum,
884 2553 927 2634 ἃ
948 2546 1069 2637 idem·
1084 2547 1135 2633 de
1158 2549 1392 2635 remotione
1414 2550 1608 2650 aetionis,
1628 2554 1670 2635 δι
1692 2550 1911 2661 paffronis,

342 2708 371 2750 n
395 2672 550 2757 ratione
576 2668 690 2776 cujus
714 2669 761 2753 in
778 2666 878 2751 Deo
902 2694 984 2751 non
1006 2664 1143 2779 essent
1157 2670 1396 2782 generatio,
1417 2672 1459 2752 δι
1483 2668 1672 2776 spiratio,
1691 2674 1773 2755 &o
1792 2712 1819 2751 n
1840 2669 1910 2755 Ad

344 2788 427 2877 hoc
446 2810 585 2874 autem
604 2814 716 2873 num
745 2808 782 2896 3.
804 2786 860 2869 ita
878 2782 1127 2895 respondet:
1147 2814 1175 2855 «ι
1193 2786 1251 2872 Et
1272 2782 1377 2871 ficut
1395 2786 1479 2896 ipse
1502 2786 1656 2889 (Deus
1672 2794 1783 2898 )per
1796 2790 1910 2873 suem
1942 2857 1946 2862 .

343 2948 371 2989 n
397 2904 699 2994 cosssentialern
714 2902 971 2988 substantiam
986 2932 1104 3014 ,quae
1127 2908 1186 2990 est
1203 2903 1348 2991 eadem
1363 2932 1461 2988 eum
1479 2904 1547 2987 sua
1560 2904 1812 2990 coessentiali
1828 2906 1908 2991 uff-

341 3066 372 3109 n
394 3025 598 3126 terentia,
620 3021 760 3109 differt
782 3024 806 3105 t
827 3022 1040 3107 substantia
1062 3027 1226 3127 creata,
1254 3020 1314 3110 fic
1331 3051 1427 3108 cum
1448 3024 1517 3107 sua
1535 3020 1783 3108 coessentiali
1799 3025 1911 3110 rela-

339 3186 370 3229 n
391 3145 534 3246 tione,
549 3141 846 3254 produtlionffi
870 3136 1068 3229 infinitate
1093 3200 1108 3242 ,
1134 3144 1363 3229 aeternitate
1385 3140 1564 3226 differta
1582 3163 1719 3227 creata
1736 3143 1910 3228 relatio·-

346 3304 376 3346 η
400 3292 481 3364 ne,
503 3264 690 3361 reione,
717 3266 759 3345 ὰ
781 3257 989 3369 pollione,
1009 3262 1132 3362 loco,
1156 3267 1198 3347 δι
1219 3276 1440 3372 tempore}
1466 3260 1534 3349 sed
1554 3261 1784 3346 intellectus
1802 3290 1912 3346 corr·

345 3422 372 3465 n
396 3382 560 3488 junsius
578 3381 699 3491 ponit
719 3378 864 3461 Deum
895 3378 936 3461 in
957 3406 1136 3491 genere,
1164 3402 1211 3466 ut
1237 3408 1319 3493 per·
1341 3381 1472 3490 aliqua
1498 3377 1633 3464 media
1650 3380 1773 3490 poffit
1803 3409 1912 3467 eon-

341 3539 374 3584 »
396 3499 620 3610 templari,
642 3503 686 3583 bc
709 3496 908 3609 attir1gere
924 3500 1147 3601 veritates,
1178 3528 1275 3611 quas
1298 3500 1418 3584 Deus
1441 3498 1564 3583 habet
1588 3498 1718 3600 inse,
1742 3498 1911 3600 dnens,

343 3658 371 3701 n
398 3618 510 3730 quod
522 3620 648 3703 Deris
662 3612 714 3703 sit
734 3616 777 3701 in
789 3642 945 3727 genere
957 3616 1182 3703 substantiae
1197 3680 1210 3721 ,
1225 3621 1321 3705 cbm
1335 3619 1548 3703 substantia
1567 3614 1616 3700 s1t
1635 3618 1765 3725 perse
1780 3619 1911 3718 stans,

342 3776 373 3821 n
396 3742 440 3825 δι
458 3734 690 3847 dicitquod
709 3730 761 3818 s1t
783 3733 825 3817 in
847 3761 1003 3847 genere
1028 3736 1236 3823 relationis
1255 3798 1270 3839 ,
1288 3759 1339 3822 ut
1369 3739 1411 3821 in
1436 3737 1526 3846 ipso
1546 3734 1669 3847 possit
1698 3736 1906 3847 attingere

344 3898 375 3938 n
396 3856 671 3966 pluralitatem
683 3853 976 3963 personarum,
998 3858 1040 3938 ἃ
1058 3852 1159 3941 (licit
1173 3856 1344 3967 qubdfit
1363 3858 1404 3937 in
1421 3882 1559 3964 gruere
1575 3854 1741 3935 essionis·
1758 3849 1911 3961 &pas-'v

346 4016 372 4056 n
386 3972 512 4084 fineis
531 4032 545 4075 ,
566 3976 668 4057 ret-in
688 3974 772 4055 Deo
795 3972 984 4081 intelligat
993 3970 1106 4083 suurn
1126 3978 1379 4083 operationem
1402 3970 1444 4058 δ’
1454 3971 1741 4081 prodromum
1763 3971 1911 4055 inerin-

347 4132 375 4177 κ
388 4088 517 4201 secant
533 4148 548 4193 ‚
563 4096 607 4177 δι
629 4086 686 4177 lic
705 4116 783 4202 per
803 4090 1060 4203 consequens
1081 4090 1136 4177 de
1157 4112 1347 4202 tempore
1369 4096 1411 4176 bc
1434 4091 1553 4192 loco,
1572 4092 1654 4174 &o
1695 4092 1703 4107 ‘

342 4236 351 4251 ·
406 4208 550 4297 XVII.
568 4210 680 4295 Hinc
699 4228 847 4320 patet,
870 4211 1032 4295 sensum
1051 4210 1164 4295 uulsi
1185 4210 1266 4297 else
1281 4270 1295 4311 ,
1308 4208 1453 4321 quod,
1473 4207 1627 4293 lumin
1646 4207 1747 4295 Dee
1759 4207 1914 4292 eonci-

341 4329 463 4441 -pitur
477 4328 546 4413 vel
565 4329 812 4440 exprimitur
830 4329 933 4412 attin
953 4334 996 4413 δι
1016 4328 1140 4438 pallio
1156 4390 1170 4433 ‚
1185 4326 1305 4415 unic&
1322 4332 1383 4415 est
1398 4327 1449 4413 ati
1464 4324 1752 4438 explicandam
1764 4324 1914 4410 intrin-

325 4450 480 4541 «ΜΠ
503 4446 849 4558 penarensem,
874 4446 974 4557 quin
994 4451 1139 4533 revera
1159 4446 1210 4533 lit
1232 4449 1273 4534 in
1299 4450 1402 4534 Deo
1421 4447 1529 4531 attio
1546 4450 1589 4529 ὅ(
1609 4445 1737 4554 paffio
1754 4443 1808 4545 tle
1830 4467 1910 4557 geu

348 4566 630 4651 reserationis
650 4570 728 4668 ,oc
752 4564 942 4675 pollionis
965 4562 1226 4653 accidentalis
1240 4630 1259 4671 ,-
1284 4566 1382 4652 lieet
1408 4564 1665 4664 intellectus,
1684 4581 1733 4647 ue
1760 4560 1911 4647 distem
1991 4608 1995 4613 ⁴

334 4684 662 4797 *prodnstionem
676 4685 911 4795 concipiat,
933 4712 1026 4769 eam
1039 4710 1167 4795 ponat
1188 4688 1258 4771 sub
1278 4696 1429 4799 genere
1444 4681 1703 4767 intentionali
1715 4681 1911 4779 monis,

348 4808 391 4891 tr
414 4796 632 4923 pullionis,
648 4831 701 4890 ac
717 4802 890 4915 proinde
904 4800 1030 4888 docet
1048 4805 1218 4917 aperui,
1240 4806 1473 4901 actionem,
1489 4806 1531 4886 a
1546 4800 1912 4920 passronern,·quoe

347 4920 405 5008 tle
423 4922 522 5009 Deo
540 4920 764 5024 dicamur,
785 4923 915 5009 folbm
935 4924 1142 5031 exprimi,
1160 4944 1206 5007 ut
1228 4922 1478 5035 intelligatur
1496 4920 1648 5004 Divina
1670 4914 1912 5027 moerens

347 5040 390 5125 in
414 5069 494 5153 qua
514 5070 597 5127 uua
616 5040 798 5127 Persona·
815 5042 874 5125 est
896 5040 1161 5151 producens,
1188 5046 1232 5126 δι
1255 5040 1331 5123 elia
1352 5038 1580 5151 pmdustat
1598 5062 1681 5119 non
1699 5052 1839 5153 auteur
1859 5052 1914 5117 ut

352 5156 770 5273 fignfficemreffiin
792 5160 891 5245 Deo
910 5159 1109 5243 aaronem
1138 5166 1179 5244 bc
1203 5158 1425 5268 paffionem
1447 5157 1499 5240 de
1530 5178 1681 5269 genere
1712 5150 1915 5235 atriden-

351 5300 489 5383 maru,
510 5286 553 5367 ἃ
575 5309 674 5367 cum
694 5278 981 5383 beennon
996 5304 1077 5389 quo
1099 5278 1255 5362 litatio
1274 5275 1484 5363 creaturis.
1506 5272 1715 5355 Praetereb
1734 5330 1753 5371 ‚.
1770 5268 1913 5383 quest·
2063 5392 2068 5401 ι

1608 5386 1732 5495 Ooii
