5150 6667
580 661 1611 846 D'rssnar.v111.§.11..,
1761 739 1839 859 1⁴⁶5

76 923 78 995 3
265 867 301 958 ‘ss
331 872 411 961 illa
431 875 555 961 verba
577 906 587 957 t
608 877 727 958 Pater
744 877 932 986 meusdot
944 876 1052 958 vobis
1063 903 1202 982 ponem
1221 877 1267 958 de
1286 873 1392 958 coto
1410 905 1558 978 verum,
1574 875 1688 981 dicit,
1701 886 1839 990 ponem

75 1004 79 1105 l
267 1037 303 1076 ι,
330 999 382 1078 in
402 1025 530 1079 verunt
554 992 805 1105 fitbflontiam
829 993 1007 1102 Corporis
1030 992 1166 1100 Christi
1189 994 1321 1076 divina
1345 995 1479 1078 virtute
1508 1003 1687 1097 converti.
1716 1000 1849 1109 Qubd·

76 1114 77 1171 t
268 1155 304 1206 υ
332 1117 443 1198 verb
471 1141 553 1197 non
598 1111 789 1222 loquitur·
819 1109 869 1195 de
909 1139 1037 1220 pane,
1060 1109 1171 1219 qubd
1202 1107 1273 1194 fiat
1309 1109 1474 1221 Corpus
1502 1113 1655 1199 Christi
1687 1119 1852 1202 ratione.

75 1181 79 1333 l
275 1273 306 1314 η
335 1232 543 1329 unionis,
572 1252 713 1340 patet,
736 1251 827 1312 tum
867 1231 958 1340 quia
996 1228 1107 1312 idem
1139 1227 1237 1312 dicit
1264 1227 1316 1312 de
1344 1230 1468 1330 vino,
1491 1231 1643 1316 scilicet
1669 1235 1776 1319 verti
1804 1236 1851 1321 in·

277 1391 308 1431 n
338 1351 605 1472 sanguinem:
625 1347 736 1458 quod
752 1375 828 1456 per
845 1347 971 1432 solam
992 1347 1188 1432 unionem
1206 1377 1289 1432 non
1311 1345 1444 1457 posset
1465 1345 1547 1432 effe
1565 1375 1735 1445 verum3
1756 1376 1847 1436 tum

76 1557 77 1564 Ν
280 1510 311 1550 22
341 1469 471 1552 etiam
491 1467 583 1579 quia
603 1466 723 1566 dicit,
741 1463 840 1548 illud
858 1465 1024 1574 Corpus
1044 1463 1124 1548 effe
1147 1467 1278 1574 ipsum
1296 1526 1310 1567 ,
1339 1470 1380 1550 dc
1400 1468 1510 1574 quod
1532 1466 1582 1552 de
1607 1468 1730 1554 Coelo
1754 1469 1849 1560 des-.

76 1636 77 1644 a
190 1655 194 1660 .
281 1626 314 1668 ι,
345 1585 510 1688 cendit,
532 1587 802 1695 &sumptum
824 1587 881 1667 est
907 1612 960 1667 ex
980 1583 1179 1695 Virgine,
1199 1584 1290 1691 quia
1317 1581 1500 1668 Christus
1531 1584 1634 1670 dixit
1656 1620 1666 1666 ε
1689 1589 1779 1692 Hoc
1795 1589 1847 1696 esi

284 1721 316 1787 π
346 1704 496 1813 Corpus
515 1762 529 1804 ,
546 1704 647 1814 quod
668 1733 740 1812 pro
759 1703 867 1785 vobis
888 1701 1087 1784 tradetur:
1113 1701 1224 1808 quod
1245 1702 1369 1786 etiarn
1389 1732 1472 1787 non
1494 1708 1627 1813 potest
1647 1701 1850 1790 verificari

286 1863 318 1906 ,ι
350 1821 402 1906 de
426 1850 602 1931 corpore
620 1819 733 1932 panis
748 1820 904 1904 ratione
927 1818 1088 1903 unionis
1111 1875 1124 1921 ,
1148 1839 1195 1902 ut
1213 1848 1287 1903 nos
1311 1819 1434 1904 etiam
1448 1822 1848 1938 suprarargumenta-
1885 1826 1889 1831 ’

290 1982 324 2022 ‚s
351 1941 511 2023 bamur.
521 1981 547 2021 υ
1336 1984 1357 2053 .-

361 2057 500 2144 XVII.
531 2056 694 2142 Deinde
710 2057 844 2143 subdit
856 2049 1092 2140 immediate
1109 2056 1260 2139 Suarez
1276 2087 1285 2136 :
1303 2084 1330 2124 τι
1344 2054 1547 2144 Praeterei
1560 2058 1849 2162 ibidemdicit,
1958 2065 1961 2068 ’

294 2216 329 2257 υ
352 2176 579 2288 Haereticos
601 2173 769 2286 decipi,
790 2178 840 2260 eb
860 2173 971 2285 qubd
984 2175 1097 2282 panis
1122 2179 1164 2258 ὅ(
1177 2174 1317 2256 vinum
1336 2175 1435 2260 nihil
1457 2178 1506 2262 de
1527 2200 1698 2263 externa
1716 2179 1852 2288 specie

294 2333 327 2378 ι,
352 2293 574 2380 mutarint:
597 2315 769 2404 propter
793 2291 904 2404 quod
935 2313 1080 2401 putant
1121 2319 1202 2376 non
1234 2289 1315 2396 esse
1346 2292 1442 2389 vere
1481 2294 1581 2380 faaa
1617 2295 1852 2407 Corpus&

296 2453 327 2493 n
353 2413 601 2527 Sanguinem
624 2413 798 2497 Domini
806 2445 817 2506 3
835 2418 875 2496 δι
899 2409 1053 2511 subdit,
1075 2410 1181 2493 crede
1198 2413 1288 2521 quio
1299 2415 1418 2520 ponis
1439 2413 1503 2520 isle
1516 2411 1706 2524 ferffibilis
1733 2411 1854 2498 &vi-

298 2571 327 2613 u
351 2562 440 2615 num
460 2592 474 2632 ,
496 2533 670 2644 quamvis
691 2530 787 2614 nibil
808 2531 854 2612 de
876 2531 1052 2612 exteriori
1073 2526 1197 2638 specie
1220 2554 1400 2612 mutatum
1409 2530 1464 2641 fit
1490 2591 1503 2630 ,
1535 2533 1575 2613 in
1596 2533 1715 2615 olium
1745 2558 1855 2616 troo·
1905 2563 1910 2571 ’

297 2690 328 2730 n
343 2648 570 2760 fienrnt,&
600 2653 640 2731 in
663 2649 770 2731 illum
807 2650 929 2730 cibum
947 2672 1148 2756 porumque
1184 2645 1362 2757 conversa
1374 2647 1492 2757 fint,
1518 2650 1584 2761 qui
1616 2651 1856 2759 Angelorum

300 2807 330 2847 ι,
357 2771 479 2850 vic‘ius
501 2768 563 2874 esl.
598 2767 791 2876 Denique
816 2769 986 2850 trabam
1006 2762 1149 2848 eadem
1161 2766 1285 2848 verba
1302 2796 1314 2848 :
1330 2769 1449 2873 ponis
1471 2824 1484 2864 ,
1507 2796 1613 2877 quem
1631 2769 1855 2876 egodobo,
1901 2817 1905 2824 -

302 2925 331 2966 n
355 2915 445 2968 coro
467 2915 549 2966 mea
565 2885 616 2992 esi
633 2944 648 2984 ,
668 2887 812 2994 ἰιιςιιὶῑ,Ι
820 2911 959 2992 ponem
976 2909 1052 2989 „ut
1067 2886 1183 2976 vitum
1197 2884 1260 2966 det
1281 2909 1459 2967 oeternorn
1479 2942 1493 2983 ,
1515 2887 1555 2966 in
1573 2871 1724 2966 curnem
1739 2882 1855 2995 sirum

303 3043 331 3086 u
355 2997 600 3113 transmutari
613 3034 631 3103 ;
666 3001 829 3086 nomina
855 3022 992 3084 autern
1024 2996 1298 3086 converfionis
1330 3001 1741 3090 &transmutationis
1771 3029 1856 3087 non

305 3119 548 3205 „videntur
586 3147 682 3204 cum
721 3120 970 3231 hypostatica
1006 3120 1155 3203 unione
1178 3116 1393 3228 quadrare:
1409 3145 1615 3229 nunquam
1648 3119 1759 3202 enim
1786 3118 1854 3203 ille

309 3279 336 3319 ι,
362 3237 465 3320 dixit
480 3239 797 3338 ,humanitatem
812 3235 890 3321 esse
913 3239 1149 3332 conversam
1167 3239 1208 3320 in
1232 3235 1486 3321 divinitatem
1503 3257 1674 3348 propter
1700 3236 1857 3348 hypos-
1891 3341 1894 3345 ἵ

310 3396 337 3436 ‚2
361 3353 526 3438 taticam
546 3356 739 3450 unionem
759 3387 770 3435 ε
789 3353 1059 3468 videturergo
1074 3354 1186 3466 polle
1206 3353 1272 3464 pie
1293 3351 1732 3465 explicari,suppos1tis
1747 3382 1858 3464 prae-

307 3513 334 3555 n
360 3469 474 3556 diuis
488 3471 669 3578 ejusdem
689 3473 885 3557 Authoris
898 3474 1032 3558 verbis
1055 3535 1069 3574 ,
1102 3480 1143 3558 δι
1171 3471 1492 3579 conjeuuris,s1
1512 3473 1796 3586 distinguamus
1816 3472 1861 3555 in

305 3633 334 3673 a,
358 3618 463 3702 pane
487 3591 762 3692 substantiam,
787 3597 828 3674 &
841 3591 1021 3700 speciem
1036 3588 1283 3691 sensibilem,
1299 3598 1341 3677 ὅ(
1360 3592 1630 3706 intelligamus
1650 3590 1860 3675 Christum

307 3750 335 3792 u
360 3707 440 3796 else
454 3708 603 3805 fastum
622 3737 794 3820 panem,
815 3738 899 3792 non
923 3711 1201 3813 materialem,
1220 3708 1289 3795 sed
1302 3739 1452 3820 panem
1473 3711 1596 3810 vitae,
1623 3706 1860 3793 assumendo

310 3855 537 3938 upanem,
561 3857 644 3912 non
664 3826 803 3939 quoad
833 3825 1121 3930 substantiam,
1146 3828 1216 3913 sed
1242 3827 1375 3937 quoad
1404 3829 1583 3938 speciem
1601 3822 1862 3923 sensibilem,

310 3985 340 4028 ss
364 3973 486 4055 quam
507 3941 583 4029 fibi
602 3946 736 4056 aliquo
763 3943 889 4028 modo
911 3947 1053 4036 univit.
1091 3945 1214 4031 Unde
1235 3946 1275 4029 in
1304 3947 1427 4032 citato
1450 3948 1543 4030 loco
1563 3942 1699 4027 Exodi
1722 3940 1861 4051 apert&

310 4105 340 4145 η
366 4063 465 4148 dicit
478 4124 491 4163 ,
499 4095 638 4172 ponem
649 4061 857 4173 secundum
879 4066 1097 4149 exteriorem
1113 4063 1273 4175 speciem
1298 4124 1311 4165 ,
1339 4067 1413 4176 qud
1441 4045 1611 4174 senstbits
1624 4057 1861 4171 fitlrjicitur,

313 4219 343 4263 a)
367 4193 442 4262 non
464 4179 625 4266 mutari:
649 4181 760 4292 quod
791 4177 956 4266 inferius
979 4184 1212 4296 explicans,
1236 4180 1364 4283 dicit,
1382 4211 1531 4292 panem
1553 4210 1636 4280 non
1658 4175 1739 4263 effe
1768 4205 1862 4260 mu-

313 4339 343 4380 „
368 4319 498 4382 tatum
516 4301 556 4383 in
578 4302 708 4385 carnis
732 4301 949 4410 saporem,
971 4331 1046 4387 nec
1069 4303 1210 4406 vinum
1228 4302 1269 4384 in
1293 4301 1491 4413 sanguinis
1514 4301 1741 4383 horrorem.
1771 4294 1864 4414 Def

313 4458 342 4501 η
366 4417 488 4527 nique
519 4447 602 4502 non
625 4418 757 4502 minus
787 4417 970 4528 expressa
998 4420 1188 4506 videntur
1204 4419 1328 4505 verba
1348 4416 1634 4509 Theodoreus
1660 4421 1702 4499 a
1729 4431 1866 4498 tamen

311 4575 342 4617 s,
365 4533 432 4645 pie
447 4536 691 4646 exponimus
710 4558 882 4648 propter
898 4538 991 4623 alias
1011 4541 1191 4648 ejusdem
1209 4537 1423 4626 sententias
1442 4564 1540 4621 :cur
1561 4562 1660 4646 ergo
1684 4561 1767 4633 non
1786 4559 1865 4642 po-

315 4694 344 4735 „
368 4653 466 4737 terit
488 4654 599 4739 idem
617 4649 708 4737 fieri
723 4657 763 4738 in
782 4655 988 4766 Ruperto.
1003 4700 1029 4740 tt

375 4771 536 4856 XVIII.
569 4775 668 4856 Haec
691 4771 915 4888 gravissime
947 4777 1132 4864 Eximius
1155 4778 1317 4861 Dotlor
1347 4805 1423 4886 pro
1451 4773 1641 4884 Ruperto
1672 4769 1869 4868 Abbate,

316 4913 441 4999 quem
460 4890 622 5004 egregie
645 4892 865 4978 vindicavit
885 4893 1049 4980 Gabriel
1072 4896 1349 4982 Gerberonius
1367 4892 1651 4979 Benedillinus
1671 4888 1870 5001 Congre-

315 5008 493 5120 gationis
515 5009 649 5092 Sansti
665 5009 827 5110 Mauri:
851 5039 925 5096 cur
951 5041 1050 5127 ergo
1071 5045 1152 5100 non
1176 5014 1330 5124 poterit
1346 5012 1457 5097 idern
1480 5008 1569 5096 fieri
1591 5013 1631 5093 in
1652 5008 1698 5088 B.
1716 4996 1868 5086 Lullol

319 5123 432 5209 Cum
454 5148 591 5222 tamen
630 5155 710 5212 non
729 5126 807 5213 sint
841 5129 943 5214 adeo
974 5134 1110 5244 gravia
1139 5132 1255 5232 loca,
1278 5157 1367 5240 quae
1389 5133 1439 5215 de
1467 5129 1590 5214 Lullo
1618 5121 1871 5217 afferuntur,

75 5324 79 5383 t
314 5247 518 5350 quantum
545 5275 628 5346 ea,
656 5273 743 5356 quae
766 5267 908 5332 contra
932 5250 1166 5358 Ruperlutn
1189 5250 1412 5361 allegantur
1433 5279 1445 5340 ς
1472 5254 1515 5332 δι
1535 5241 1642 5327 forte
1661 5240 1874 5344 Rupertus

75 5392 80 5455 t
320 5387 405 5445 non
418 5362 522 5448 adeo
541 5361 645 5450 'clare
660 5367 830 5452 totalem
845 5366 958 5477 panis
978 5368 1381 5452 transubstantionem
1395 5362 1591 5471 explicuit
1609 5415 1623 5457 ,
1644 5377 1691 5441 ut
1705 5352 1874 5453 Lullus,
