5150 6667
274 641 377 730 ·.
500 641 1636 770 ¹·,DtssE1tt'.‚v111.·§.tt.··
1758 693 1841 782 nr
2275 670 2317 742 .·

275 811 342 898 tio
364 803 421 892 est
430 821 531 890 vera
548 794 685 913 quoad
700 795 975 900 -inteuettun,
988 786 1086 885 licit
1107 793 1242 911 quoad
1255 795 1415 886 sensum
1429 803 1472 916 dt
1485 795 1846 914 imaginationem,

91 917 96 1032 Ι
170 923 172 926 ’
278 923 560 1046 percipientes
570 915 821 1020 accidentia,
832 946 918 1005 oon
933 937 1126 1030 appareat
1140 942 1264 1010 verat
1288 917 1381 1030 quia
1401 913 1538 1020 litet,
1559 915 1660 1006 dum
1680 923 1847 1030 profem

91 1041 94 1094 l
277 1067 351 1133 tur
374 1067 609 1156 pronomen
633 1041 704 1123 hnc
727 1039 770 1124 dc
804 1036 1038 1130 altaverba
1054 1036 1179 1148 usque
1202 1033 1254 1120 ad
1270 1052 1505 1146 pronomen
1518 1066 1670 1140 meum,
1688 1067 1773 1125 non
1794 1041 1848 1136 srt

276 1161 384 1250 satra
402 1155 768 1246 transubstantiatio
790 1213 804 1256 ,
824 1154 917 1266 quia
939 1176 1075 1242 tamen
1099 1153 1340 1241 ordinantur
1361 1150 1413 1240 ad
1430 1184 1664 1267 pronomen
1684 1183 1845 1262 meum,
2009 1172 2013 1181 ’

91 1351 92 1368 l
283 1283 325 1368 in
345 1281 458 1388 cujus
479 1277 710 1390 prolatione
742 1267 956 1385 perficitur
973 1269 1217 1388 fignificatio
1237 1277 1281 1358 ἃ
1307 1264 1621 1378 demonstratio,
1638 1279 1682 1360 ἃ
1704 1275 1746 1360 in
1770 1277 1851 1362 ins*

168 1493 171 1500 ,
281 1399 414 1500 tanti,
440 1398 593 1507 inquo
617 1391 863 1505 profertur,
889 1385 938 1478 fit
972 1390 1480 1492 transubstantiatio,.ideo
1515 1421 1749 1504 pronomen
1775 1399 1865 1482 hoc.

195 1503 209 1530 ’
285 1547 381 1609 cum
397 1516 482 1602 aliis
503 1513 640 1600 verbis
664 1507 915 1599 dembnstrat
935 1539 1092 1620 corpusw
1106 1509 1257 1599 Christi
1276 1565 1294 1611 ,
1320 1534 1446 1620 prout
1457 1512 1501 1600 in
1518 1513 1652 1622 ipsum
1660 1515 1721 1598 est
1735 1533 1851 1599 tran.

241 1671 244 1676 ·
281 1634 543 1726 substantiata
561 1629 694 1748 panis
735 1629 959 1717 substantia.
996 1630 1168 1716 Secundi
1191 1631 1386 1731 ,constat
1406 1689 1421 1730 ‚
1439 1629 1709 1726 ,substantiam
1731 1629 1851 1744 panis

282 1753 424 1868 quoad
449 1745 567 1837 suum
597 1746 678 1848 esse
710 1748 940 1834 nullatenus
966 1775 1159 1848 manere,
1183 1745 1338 1832 nedbm
1364 1746 1458 1859 quia
1483 1749 1709 1836 accidentia
1732 1749 1853 1862 panio

287 1874 454 1982 exiliunt
466 1868 557 1980 fine,
565 1865 840 1978 firhjec‘lo,sed
857 1868 981 1952 etiam
995 1865 1089 1979 quia
1097 1863 1206 1976 falfi>
1229 1865 1338 1950 modo
1362 1866 1549 1976 sensui&
1567 1869 1851 1981 imaginationi
1876 1875 1909 1967 ·‘.

273 1990 507 2104 fignpicanr
519 1985 642 2098 seipftr
664 1983 890 2071 naturaliter
909 1985 981 2102 effe
1004 1988 1045 2070 in
1062 1986 1218 2095 proprio
1231 1981 1441 2094 fitbjec705
1468 2007 1589 2098 atque
1612 1982 1669 2071 ita
1687 2016 1744 2073 ex
1757 2009 1852 2074 toto

292 2115 493 2196 contextu
511 2101 729 2193 deducitur
742 2131 828 2190 non
850 2131 1016 2190 manere
1037 2102 1294 2194 substantiam
1314 2101 1431 2213 panls
1452 2102 1495 2188 in
1515 2103 1765 2198 Eucharistia
1781 2107 1848 2193 se-
1919 2163 1925 2174 ·

288 2227 474 2323 cundum
488 2221 567 2312 else
588 2221 920 2324 suumusoltm
934 2222 993 2308 ibi
1006 2219 1087 2325 esse
1106 2249 1257 2331 corpus
1272 2220 1611 2330 Christisubejus
1624 2223 1854 2312 accidenti·
2020 2296 2030 2314 .
2164 2248 2169 2260 ’

285 2348 367 2461 bus
389 2407 404 2448 ‚
428 2343 530 2456 qttia
544 2342 692 2436 ,solnm
706 2368 856 2460 corpur
876 2340 1029 2429 Christi
1057 2343 1114 2425 est
1135 2338 1455 2432 demonstratum
1472 2369 1549 2453 per
1565 2340 1691 2428 verba
1712 2343 1858 2429 consa
1895 2399 1901 2412 x
1978 2355 1985 2368 ’
2034 2405 2039 2410 -

174 2487 190 2522 ·
286 2464 523 2565 orationib,
550 2491 634 2548 non
655 2480 795 2566 atatem
815 2459 933 2573 panis
947 2458 1184 2562 substantia,
1205 2480 1252 2544 ut
1270 2457 1540 2569 praetenditur
1558 2461 1600 2546 in
1621 2461 1853 2567 obiectione

145 2609 153 2622 ·
292 2580 371 2670 stbi
393 2577 642 2694 proposita..
863 2663 866 2668 ,
897 2673 903 2682 ‚
1208 2639 1212 2660 2
1242 2659 1272 2669 ,,
1649 2669 1659 2683 ‚
1854 2587 1862 2594 “
1895 2654 1898 2660 .

353 2701 509 2794 XXIX.
533 2695 712 2784 Proinde
727 2725 779 2784 ex
793 2692 949 2782 sincera
960 2695 1097 2814 textds
1107 2694 1239 2782 notati
1256 2693 1504 2804 bspettione
1514 2699 1854 2808 patet,Lullum,

172 2822 175 2832 '
278 2817 400 2936 ⁸tlmn
419 2817 546 2917 dicit,
569 2815 682 2928 qubd
702 2816 914 2902 substantia
934 2815 1368 2926 panisestineotpore
1389 2812 1542 2902 Christi
1555 2816 1745 2915 realiter,
1764 2836 1856 2899 tan·

296 2939 391 3026 tlun
421 2937 464 3021 in
486 2935 567 3020 hoc
585 2936 830 3045 pronomine
862 2963 982 3018 meum
1005 2995 1020 3036 ,
1056 2935 1187 3040 foliam
1210 2939 1252 3017 dc
1275 2925 1394 3019 mica
1418 2931 1661 3034 intendere,
1678 2931 1792 3042 qubd
1813 2933 1856 3018 in

296 3055 452 3145 eodem
472 3055 670 3154 instanti,
707 3082 786 3164 quo
813 3052 1023 3163 profertur
1052 3071 1284 3164 pronomen
1309 3077 1432 3134 meum
1453 3107 1471 3153 ,
1492 3051 1706 3138 substantia
1738 3047 1857 3160 panio

297 3177 360 3261 est
382 3172 731 3284 transubstantiata
743 3171 787 3280 in
810 3200 958 3283 corpus
974 3171 1249 3273 Christi,n,on
1269 3167 1463 3256 autemin
1486 3168 1721 3256 instantibus
1743 3190 1858 3254 ante·

269 3294 273 3300 ’
298 3289 572 3393 cedentibus,
587 3289 731 3401 qudam
746 3287 1009 3400 proferuntur
1031 3291 1105 3375 alia
1125 3287 1527 3403 prioreverba,quia
1544 3289 1588 3373 in
1604 3284 1700 3399 ipsts
1722 3287 1853 3372 solum
1945 3290 1950 3300 '

301 3405 555 3524 fignificatur
572 3405 674 3528 else
703 3381 1130 3496 tranlirbslantiandam
1160 3409 1202 3494 in
1237 3403 1483 3516 pronomine
1505 3436 1626 3492 mcum
1644 3461 1659 3508 ,
1678 3404 1729 3490 ad
1743 3403 1858 3516 quod

299 3525 590 3613 antecedentia
628 3525 752 3613 verba
777 3525 1019 3614 ordinantur
1053 3528 1105 3613 ad
1141 3523 1376 3613 habendum
1396 3525 1620 3633 persestam
1643 3521 1859 3637 significa-

300 3647 461 3732 tionem
485 3651 528 3733 aa
544 3644 935 3736 demonstrationem
957 3679 968 3740 ε
992 3645 1093 3732 nihil
1102 3666 1241 3756 autem
1260 3637 1451 3757 cogitasse
1472 3641 1670 3734 eumdem
1689 3643 1860 3750 Lullum

298 3764 353 3850 de
372 3765 628 3850 remanentia
649 3764 873 3866 substantiae
901 3763 1017 3876 panis
1029 3767 1082 3852 ‘in
1103 3764 1294 3876 Corpore
1319 3759 1471 3850 Christi
1492 3766 1589 3850 cnm
1606 3762 1859 3848 contrarium

299 3881 453 3968 doceat
475 3884 562 3990 ejus
584 3904 784 3995 perpetua
800 3887 844 3968 ἀ
866 3881 1051 3994 expressa
1064 3885 1262 3970 sententia
1276 3880 1429 3987 „juxta
1449 3885 1567 3994 supra
1584 3877 1785 3992 allegata,
1817 3883 1861 3961 ὅ(
1966 3924 1968 3927 -

91 4083 93 4126 :
133 4004 138 4011 ’
302 4002 559 4088 contrarium
577 4001 731 4116 pariter
751 4000 901 4090 doceat
921 4005 963 4088 in
985 4024 1077 4090 toto
1098 4003 1187 4117 hoel
1202 4019 1402 4087 contextu
1424 3996 1626 4112 exposito.
1649 3996 1698 4081 Si
1722 4017 1861 4082 tamen

91 4157 92 4168 Ν
303 4121 397 4230 quis
420 4117 599 4230 infistere
616 4121 744 4233 velit,
767 4119 878 4230 qubd
894 4123 1075 4233 quamvis
1102 4123 1189 4206 lraec
1209 4118 1335 4206 suerit
1352 4118 1438 4226 ejus
1460 4122 1577 4205 mens
1592 4175 1610 4219 ,
1628 4114 1776 4201 modus
1797 4136 1862 4198 ta-

176 4236 182 4253 '
307 4265 406 4322 men
428 4237 622 4348 loquendi
643 4239 686 4324 in
704 4237 838 4342 verbis
855 4242 877 4324 i
903 4239 1065 4328 laudato
1086 4239 1269 4326 Censore
1289 4239 1465 4340 notatis,
1483 4235 1657 4323 insinuat
1683 4233 1863 4318 substan-

308 4356 540 4468 tiam'panls
559 4353 738 4469 quodam
759 4356 886 4444 modo
912 4387 1162 4462 remanere,
1185 4361 1281 4446 cbm
1304 4356 1525 4444 dicateam
1546 4357 1588 4440 in
1615 4351 1863 4466 pronomine

306 4503 428 4560 meunt
451 4475 533 4563 else
555 4475 718 4564 realiter
748 4476 792 4561 in
813 4479 991 4588 corpote
1010 4475 1165 4565 Christi
1187 4537 1201 4580 ,
1222 4477 1352 4578 dico,
1370 4471 1482 4586 qubd
1500 4502 1554 4559 ex
1574 4491 1774 4557 contextu
1795 4467 1889 4553 soa'

309 4592 395 4676 llam
415 4593 657 4708 intelligitur
669 4596 929 4682 substantiam
951 4596 1067 4708 panis
1086 4594 1478 4683 transubstantiatam
1494 4598 1536 4678 dt
1551 4587 1698 4676 fatiam
1712 4613 1866 4698 corpur

308 4708 469 4798 Christi
502 4709 583 4798 else
606 4714 649 4798 in
660 4705 848 4826 ‘torpore
880 4715 1070 4817 Christi,
1095 4709 1150 4802 ¹ac
1173 4713 1346 4825 proinde
1369 4714 1500 4800 solhm
1521 4710 1657 4823 potest
1687 4702 1865 4806 inferri,

311 4857 524 4918 remanere
552 4831 811 4923 substantiam
826 4833 942 4943 panis
958 4856 1083 4944 prout
1101 4834 1490 4919 transubstantiatam
1507 4885 1523 4932 ,
1541 4858 1625 4936 non
1647 4831 1783 4912 antem
1802 4825 1865 4906 se·
1969 4890 1972 4896 ,

312 4948 494 5034 cundhm
512 4950 629 5034 suum
649 4945 729 5038 else
752 4983 764 5044 t
785 4951 883 5062 quia
901 4951 1051 5038 dicitur
1072 4952 1152 5058 else
1175 4953 1411 5061 incorpore
1433 4948 1591 5037 Christi
1611 4969 1802 5054 tanquam
1823 4939 1866 5022 in

309 5069 529 5170 termino,
560 5070 603 5153 in
633 5097 757 5179 quem
776 5071 837 5155 est
865 5073 1084 5166 conversat
1105 5093 1225 5182 atque
1258 5072 1315 5154 ita
1341 5069 1425 5156 dici
1452 5068 1589 5180 potest
1618 5083 1867 5158 remanere,

314 5209 397 5270 non
430 5187 524 5296 quia
544 5183 729 5297 persistat
757 5187 874 5274 sutem
898 5187 980 5276 else
995 5250 1010 5291 ,
1028 5190 1097 5276 sed
1117 5191 1210 5300 quia
1231 5212 1416 5276 remanet
1434 5183 1662 5280 terminus,
1684 5177 1725 5265 in
1744 5202 1868 5285 quem

292 5389 306 5430 ,Δ
318 5302 375 5388 est
392 5305 760 5394 transubstantiata:
780 5307 918 5419 inquo
934 5329 1071 5402 tamen
1089 5309 1329 5422 intelligitur
1343 5305 1387 5391 id
1407 5305 1537 5414 ipsum
1551 5295 1701 5408 ,equod
1725 5321 1869 5380 omnes
1971 5394 1982 5402 ἱ
