5150 6667
716 661 798 749 340
867 620 1209 716 vruutc.
1259 558 2048 707 cucuron-naum.
2079 612 2186 701 111.

631 794 635 801 ‘
704 772 818 887 fitam
839 766 1064 885 effantiascm
1082 761 1426 875 intelligibilitotcm
1441 822 1454 863 ,
1472 780 1520 844 ut
1537 756 1764 845 intellectus
1782 756 1979 843 exaltatus
2000 753 2050 841 stt
2074 756 2115 841 in
2141 755 2277 843 altiori

711 886 843 1009 gradu
860 883 1022 971 vilionis
1043 891 1085 971 ἀ
1107 880 1431 997 participationis
1457 879 1544 964 Dei
1563 908 1575 971 ς
1599 905 1683 963 non
1701 876 1813 961 euim
1828 878 1962 987 potest
1985 872 2066 962 esle
2090 876 2277 963 altior&

711 1006 934 1123 perfeiiior
949 1000 1076 1105 vifio,
1095 1006 1216 1117 quim
1246 999 1393 1085 divinae
1425 994 1605 1085 esl‘entiae
1631 996 1672 1081 in
1696 993 1853 1106 seipsa,
1874 1000 1916 1081 ἀ
1944 994 2093 1104 absque
2113 994 2274 1106 specie,

715 1157 791 1215 nec
816 1124 1018 1239 augustior
1035 1120 1324 1235 participatio,
1344 1118 1464 1229 quim
1487 1113 1598 1228 qubd
1619 1113 1755 1201 divina
1776 1111 1946 1199 essentia
1969 1114 2039 1199 sub
2061 1113 2129 1197 sua
2147 1110 2276 1201 essen-

714 1246 801 1332 tiali
814 1242 1140 1357 intelligibilitate
1158 1242 1198 1326 se
1212 1234 1449 1323 immediati
1463 1234 1576 1321 uniat
1590 1238 1632 1321 bt
1647 1233 1930 1323 communicet
1942 1253 1990 1317 ut
2004 1232 2268 1347 intelligibilis

612 1417 615 1421 ·
717 1360 940 1451 intelleiiui
961 1362 1099 1447 beato.
1273 1389 1277 1395 ’

775 1479 1018 1567 XXXVIII.
1033 1489 1036 1496 '
1049 1478 1156 1562 Hinc
1172 1470 1428 1559 manifestum
1441 1468 1669 1588 est,qubd,
1689 1470 1786 1556 chm
1800 1466 1866 1555 hic
1883 1490 2024 1584 agatur
2046 1466 2098 1554 de
2121 1468 2273 1557 visione

717 1599 905 1688 intuitiva
922 1596 1008 1682 Dei
1030 1654 1044 1695 ,
1063 1596 1141 1705 qui
1162 1595 1281 1678 Deus
1297 1590 1398 1677 facie
1422 1588 1636 1677 adfaciem
1654 1586 1888 1674 immediati
1904 1588 2121 1703 attingitur
2141 1610 2187 1674 ut
2210 1590 2272 1675 in-

717 1717 938 1832 telligibilis
961 1717 1002 1797 iu
1022 1715 1089 1798 sua
1110 1712 1277 1823 propria
1301 1707 1627 1823 intelligibilitate
1653 1705 1884 1808 essentiali,
1908 1707 1975 1791 illa
1996 1708 2277 1799 communica·
2394 1778 2395 1781 a

717 1838 778 1925 tio
798 1830 941 1919 ass'erta
961 1833 1002 1917 in
1025 1832 1154 1917 relato
1177 1849 1320 1930 textu,
1342 1830 1497 1915 scilicet
1514 1828 1599 1912 Deo
1621 1831 1919 1913 communicante
1940 1826 2150 1914 intellectui
2167 1824 2275 1937 suam

718 1953 944 2069 essentialem
977 1950 1320 2063 mtcssigibisitatem
1339 2008 1353 2048 ,
1375 1943 1494 2031 unice
1519 1951 1561 2031 ἀ
1590 1944 1691 2056 puri
1714 1948 1772 2031 est
1794 1944 2114 2031 communicatio
2141 1947 2278 2055 objec-

720 2068 803 2158 tiva
826 2131 841 2172 ,
860 2071 929 2157 seu
946 2092 992 2155 ut
1006 2070 1211 2178 objectum
1232 2062 1515 2179 intelligibile,
1535 2062 1671 2167 idest,
1694 2065 1820 2164 unio,
1837 2066 1914 2175 qui
1926 2066 2064 2166 Deus,
2081 2085 2135 2152 'ut
2152 2060 2208 2149 'ait
2223 2066 2279 2149 D.

722 2192 910 2277 Thomas
929 2190 1100 2290 citatus,
1124 2215 1235 2272 num.
1261 2210 1327 2296 34.
1340 2214 1412 2294 per
1425 2180 1553 2295 fitam¹
1564 2185 1732 2293 gratiam
1743 2181 1787 2292 fia
1810 2182 2016 2267 intellec‘iui
2041 2211 2168 2269 creato
2190 2214 2282 2268 con-

717 2307 849 2419 jungit
869 2332 912 2392 ut
927 2296 1166 2418 intelligibile
1177 2307 1229 2387 ab
1252 2300 1330 2414 ipfir
1339 2331 1413 2406 ;ac
1431 2300 1606 2413 proinde
1625 2298 1707 2385 ruit
1720 2300 1893 2412 suspicio
1912 2285 2165 2387 accessbs'ad
2183 2301 2283 2387 Ubi-

722 2426 927 2539 quistarum
955 2423 1121 2537 harefim
1137 2484 1152 2525 ,
1170 2451 1260 2535 quae
1282 2420 1487 2507 referente
1519 2420 1710 2506 Bellarm.
1739 2418 1791 2507 de
1820 2419 2025 2505 Controv.
2054 2419 2125 2505 lib.
2167 2448 2204 2534 3.
2234 2419 2284 2507 de

725 2542 914 2645 Christo,
938 2570 1027 2652 cap.
1058 2573 1092 2629 ι.
1117 2548 1159 2628 &
1182 2568 1272 2652 cap.
1295 2568 1334 2647 9.
1356 2567 1403 2625 ac
1426 2540 1606 2651 sequent.
1630 2542 1704 2623 stat
1722 2539 1764 2624 in
1786 2539 2165 2626 communicatione
2189 2568 2283 2652 pro-

725 2662 816 2774 pria
836 2722 851 2763 ‚
874 2666 917 2747 ἀ
938 2659 1102 2747 formali
1123 2658 1424 2773 perfectionum
1437 2659 1526 2743 Dei
1537 2658 1777 2743 humanitati
1799 2657 1953 2743 Christi
1967 2654 2041 2743 sibi
2054 2659 2207 2753 unitam
2231 2659 2287 2745 ita

723 2801 804 2881 ut,
827 2780 941 2887 juxta
961 2780 1116 2891 aliquos
1135 2780 1234 2867 unio
1252 2776 1507 2891 hypostatica
1528 2772 1706 2865 consistit
1720 2777 1762 2860 in
1776 2775 1851 2862 hac
1870 2777 2249 2865 commrmicatioue
2270 2836 2285 2881 ,

724 2901 793 2985 vel
810 2898 897 2985 haec
914 2898 1233 2987 communicatio
1248 2894 1300 2981 ad
1317 2895 1420 2981 hanc
1435 2896 1633 2983 unionem
1646 2894 1933 3005 consequiturr
1955 2900 1997 2980 ἀ
2018 2916 2194 3008 propter
2204 2898 2284 2983 hoc

729 3015 871 3103 dicunt
892 3017 1187 3105 humanitatem
1209 3009 1456 3102 Christiesse
1481 3013 1836 3125 omnipotentem,
1848 3013 2187 3123 omniscientem,
2202 3020 2281 3101 &c

536 3163 553 3175 “
730 3140 774 3221 &
801 3135 983 3250 ubique:
1006 3133 1254 3224 Unda‘toti
1274 3132 1397 3221 Coeli
1417 3132 1532 3220 distat
1553 3135 1602 3218 ab
1631 3134 1689 3219 eis
1712 3132 1780 3217 isla
1797 3134 2147 3235 communicatio,
2167 3162 2286 3246 quam

721 3250 867 3339 ‘usserit
884 3255 1028 3339 Lullus
1046 3309 1060 3359 ,
1083 3254 1176 3367 quia
1197 3254 1298 3340 dicit
1313 3251 1607 3345 communicari
1620 3250 1842 3337 intelleiiui
1859 3250 2114 3361 essentialem
2128 3254 2215 3339 Dei
2231 3254 2291 3339 iti-

730 3370 1095 3483 telligibilitatem,
1122 3402 1206 3457 non
1233 3366 1405 3457 niturali
1426 3371 1800 3457 communicatione
1822 3432 1836 3474 ,
1859 3373 1916 3456 ita
1946 3394 1993 3457 ut
2013 3374 2080 3457 issa
2102 3368 2174 3457 fiat
2192 3400 2290 3484 pro·
2454 3476 2455 3481 Ν

730 3484 822 3598 pria
845 3484 1083 3571 &formalis
1106 3489 1305 3597 perfeitio
1325 3490 1584 3592 intellectos,
1606 3488 1677 3574 sed
1698 3490 1800 3599 puri
1817 3490 2193 3577 communicatione
2216 3492 2292 3576 ob-

656 3691 659 3696 .
732 3603 878 3715 ieiiivi
892 3607 934 3690 δι
947 3626 994 3690 ut
1013 3603 1111 3717 quid
1124 3604 1379 3719 intelligibile
1404 3637 1413 3687 ε
1434 3603 1537 3691 ficut
1558 3606 1650 3691 toth
1668 3608 1792 3696 Coelo
1811 3608 1926 3694 distat
1940 3610 1989 3693 ab
2010 3610 2235 3720 Ubiquistis
2252 3613 2293 3695 δε

736 3724 785 3808 ab
804 3724 955 3811 unione
970 3718 1223 3838 hypostatica
1240 3724 1339 3811 unio
1357 3723 1501 3809 intima
1519 3728 1560 3810 δι
1583 3725 1818 3813 immediata
1838 3726 1983 3813 divinae
2000 3724 2181 3812 ellentiae
2197 3756 2295 3811 cum

736 3841 945 3929 intelleim
973 3844 1128 3947 beato,
1151 3870 1273 3955 quam
1306 3842 1459 3929 docent
1482 3844 1707 3930 Thomisiae
1725 3874 1823 3932 cum
1854 3846 1969 3931 Divo
1990 3846 2296 3956 Thoma,quia

737 3988 820 4046 uon
837 3962 894 4049 est
909 3961 1005 4048 unio
1024 3961 1214 4048 naturalis
1225 3962 1295 4050 sed
1303 3962 1469 4049 inlinea
1479 3962 1724 4076 intelligibili
1731 3994 1844 4079 ;,quae
1858 3963 2026 4076 quidem
2039 3965 2138 4049 unio
2154 3958 2299 4050 Phrasi

634 4147 642 4165 „
736 4080 1085 4164 communicationis
1103 4081 1228 4167 etiam
1245 4080 1516 4192 exprimitur:
1535 4082 1644 4169 unde
1659 4084 1805 4169 citatus
1823 4083 1999 4189 Amort,
2013 4085 2091 4171 loc.
2111 4084 2182 4171 cit.
2198 4109 2238 4194 q.
2258 4109 2294 4193 3.

738 4192 779 4279 iu
801 4195 1045 4305 probatione
1081 4200 1259 4309 conclus.
1299 4227 1335 4311 3.
1359 4200 1460 4290 dicit
1479 4232 1488 4282 ε
1507 4205 1601 4286 Non
1626 4204 1747 4312 potest
1766 4204 1909 4313 ostendi
1938 4204 2173 4315 implicantia
2192 4206 2231 4288 in
2252 4228 2297 4289 to

737 4313 842 4425 quod
851 4313 960 4397 Deus
972 4311 1180 4428 secundim
1202 4320 1275 4400 has
1294 4315 1460 4405 rationes
1478 4320 1621 4405 Menses
1638 4322 1902 4435 immediatise
1920 4326 2030 4408 uniat
2049 4353 2135 4409 cum
2146 4319 2257 4435 senfit
2280 4380 2297 4425 ,

737 4458 821 4518 eunt
837 4459 909 4541 per
921 4434 1070 4526 modum
1082 4433 1225 4545 forata
1243 4440 1466 4543 ac'luando,
1487 4437 1590 4558 ficut
1598 4468 1671 4551 per
1679 4438 1792 4553 suam
1814 4442 2005 4559 effantiam
2026 4442 2241 4531 immediati
2254 4441 2296 4528 se

739 4550 1019 4643 communicat
1039 4553 1260 4645 inalbari.

738 4784 752 4805 ·
797 4667 993 4772 XXXIX.
1025 4670 1175 4785 Quoad
1198 4674 1274 4761 alia
1305 4674 1461 4786 objecta
1483 4675 1781 4795 intelligibilia,
1807 4672 1978 4769 'resolvit
2012 4679 2138 4769 etiam
2155 4680 2303 4767 Lullus

737 4806 852 4897 juxta
873 4788 1108 4903 expositum
1134 4793 1301 4892 timlum
1323 4797 1532 4909 praesentis
1563 4800 1794 4912 quaestionis
1810 4860 1827 4904 ,
1846 4798 2041 4889 videlicet
2072 4799 2187 4913 quod
2216 4800 2301 4913 ipsa

738 4906 931 5024 iutelligit
960 4910 1095 4997 anima
1121 4912 1303 5024 separata
1322 4942 1400 5027 per
1419 4917 1627 5028 speciem,
1650 4924 1694 5006 δι
1716 4946 1829 5007 num.
1857 4949 1899 5007 2.
1924 4921 1980 5007 ita
2006 4919 2147 5007 scribit
2170 4921 2300 5005 :Item

738 5024 873 5160 beatus
892 5027 1108 5116 mulseiiur
1127 5031 1169 5113 in
1179 5030 1252 5141 fito
1266 5036 1425 5145 proprio
1445 5036 1678 5151 mmlitffibib
1692 5066 1818 5126 creato
1836 5068 1914 5127 non
1935 5040 2056 5151 potest
2072 5038 2303 5127 neutraliter
2340 5070 2345 5087 ·

740 5143 948 5255 condigne
951 5146 1038 5256 fine
1047 5146 1280 5260 specim&
1295 5179 1349 5239 ex
1361 5154 1506 5266 quibus
1521 5157 1657 5245 verbis
1672 5156 1900 5247 ostenditur
1912 5158 2121 5269 quidvelit
2129 5156 2270 5244 dicere
2284 5216 2302 5261 ,

742 5252 843 5353 duo
854 5263 898 5349 io
917 5286 1062 5371 notato
1079 5287 1198 5357 textu
1217 5269 1380 5379 relato,
1401 5298 1517 5371 uum,
1539 5281 1605 5389 2⁶·
1629 5274 1758 5388 dicit,
1777 5276 1891 5395 quod
1910 5278 2056 5375 beaute
2068 5276 2304 5433 irpelletiut
