5150 6667
727 555 1327 705 presumat,
1388 572 1593 699 9111.¹
1743 580 1755 591 “
1834 620 1929 709 -377

371 716 495 813 verse
516 722 617 809 facit
632 722 819 825 bonum,
841 722 921 809 hoe
944 725 1028 827 est,
1047 744 1215 813 exercet
1238 725 1278 809 se
1296 746 1343 809 ut
1362 726 1494 815 bonus
1510 760 1520 823 ;
1537 716 1758 820 cum-enlm
1776 734 1929 823 nedum

369 842 420 929 fit
432 846 568 930 bonus
588 842 818 928 formaliter
833 844 902 925 seu
920 843 962 925 in
980 840 1162 943 offendo,
1183 842 1394 928 sedetiam
1412 842 1587 934 finaliter
1601 852 1669 935 seu
1685 854 1726 940 in
1741 854 1929 965 agendo,

370 969 413 1050 ἃ
427 959 479 1046 fit
496 964 628 1047 bonus
646 961 689 1045 in
713 958 895 1073 agendo,
911 980 1107 1070 quatenus
1125 960 1322 1069 producit
1336 956 1487 1047 Filium
1502 998 1513 1059 ;
1530 974 1570 1051 dr
1589 970 1667 1053 hoc
1683 972 1791 1056 estse
1806 980 1934 1059 exer-'

369 1108 463 1166 cere
485 1080 528 1164 in
550 1081 687 1180 bono,
707 1076 820 1188 quod
840 1079 898 1162 est
912 1073 1242 1188 quodammodo,
1263 1078 1425 1183 facere,
1437 1087 1681 1194 generaliter
1694 1090 1920 1199 sumptum:

266 1231 275 1246 r
315 1227 318 1236 ’
368 1191 463 1285 ideo
486 1196 614 1283 modb
633 1196 742 1280 diuo
764 1196 890 1280 Pater
907 1198 946 1280 se
965 1191 1185 1299 bonificat,
1211 1200 1254 1282 ὅ(
1277 1199 1499 1284 sebonum
1520 1198 1630 1285 facit.
1749 1201 1775 1307 j

360 1361 362 1364 ·
390 1314 408 1331 ”
425 1318 540 1402 XXI.
565 1309 746 1399 Proinde
761 1314 802 1398 in
825 1314 1108 1424 quaestionibus
1133 1320 1174 1400 dr
1192 1342 1339 1400 eorum
1353 1318 1532 1403 textibus
1551 1320 1702 1429 notatis
1722 1316 1930 1435 nunquani

369 1438 428 1520 est
447 1435 582 1520 sensus
599 1432 804 1517 absolutus
820 1463 829 1513 :
843 1435 961 1519 Pater
980 1432 1219 1544 bonptcarfe
1238 1494 1251 1535 ,
1268 1436 1468 1521 veerater
1482 1435 1526 1547 se
1538 1436 1644 1547 facit
1662 1441 1799 1524 bortum
1818 1476 1839 1545 ,·
1858 1443 1928 1530 sed

367 1554 597 1652 rellritius,
618 1579 769 1661 nempe
783 1552 898 1635 Pater
913 1550 1172 1661 bonficorse,
1191 1553 1258 1637 vel
1271 1549 1315 1662 se
1327 1553 1434 1663 fircir
1454 1557 1592 1639 bonum
1611 1589 1636 1658 ;.
1651 1558 1731 1659 hoc
1747 1562 1929 1645 estem

242 1668 270 1707 ²
324 1724 334 1737 ·
367 1698 426 1755 cer
439 1669 546 1782 sein
567 1672 715 1781 agendo
739 1674 910 1770 bonum,
936 1672 976 1752 in
992 1671 1233 1779 producendo
1256 1670 1399 1756 Filium
1422 1696 1441 1776 ,⁸
1466 1674 1534 1758 vel
1563 1675 1743 1783 bonificat
1756 1675 1801 1787 se
1823 1675 1865 1763 δ’
1880 1676 1927 1790 se

327 1788 465 1900 ffucit
484 1792 622 1874 bonum
639 1789 901 1903 prodiretur,
924 1789 964 1870 irr
980 1789 1222 1896 producendo
1244 1788 1419 1889 Filium,
1444 1793 1509 1901 qui
1530 1792 1581 1899 est
1601 1794 1697 1875 idern
1721 1797 1859 1877 bonum
1878 1826 1927 1878 ar

189 1918 194 1925 ’
367 1909 486 1992 Pater
501 1902 524 2009 *‚·
546 1906 587 1990 in
604 1903 834 2011 hujusmodi
856 1925 994 1991 autem
1016 1906 1291 1992 locutionibus
1309 1907 1366 1992 ita
1384 1910 1623 2018 explicatis,
1643 1932 1769 2021 prout
1787 1933 1925 1997 textus

365 2024 607 2137 requirnnt,
630 2023 739 2107 nulla
760 2025 816 2109 est
841 2024 1121 2139 intelligentiae
1147 2023 1394 2110 difficultas:
1418 2026 1626 2138 praecipue
1650 2030 1746 2112 cbm
1771 2028 1823 2115 de
1845 2030 1924 2113 hu-

362 2141 540 2249 jusmodi
554 2142 754 2254 mysteriis
774 2140 993 2226 difficulter
1012 2172 1107 2227 cum
1122 2143 1374 2254 proprietate
1397 2145 1510 2255 loqui
1532 2146 1757 2256 poffimus;
1781 2152 1825 2232 δι
1848 2146 1924 2231 ali-

361 2257 528 2374 quando
550 2261 603 2344 ad
626 2258 760 2344 divina
776 2256 871 2343 sanb
899 2260 1011 2344 sensu
1033 2258 1083 2344 fit
1104 2260 1330 2345 adhibitum
1355 2263 1543 2349 Verbum
1551 2264 1712 2374 facere,
1735 2284 1783 2365 ut
1803 2263 1825 2351 J
1828 2292 1922 2349 oan.

372 2406 407 2461 r.
438 2405 504 2490 30.
526 2379 616 2487 Post
636 2408 693 2461 me
717 2380 820 2462 verrit
840 2379 934 2480 vir,
956 2380 1129 2491 quiante
1151 2379 1359 2491 mesoides
1379 2382 1430 2489 est
1447 2402 1475 2485 ';
1499 2385 1639 2467 Haebr.
1661 2407 1698 2492 ς.
1728 2410 1761 2467 1.
1786 2382 1924 2492 Confis-
1991 2377 1994 2393 ’

363 2497 490 2582 derare
512 2493 794 2607 Apostolum&
815 2497 1033 2607 Pontificem
1056 2490 1292 2608 conseffiotris
1308 2500 1442 2608 nostre
1459 2498 1620 2612 Jefirm,
1641 2502 1708 2612 qui
1720 2500 1855 2609 fidelis
1871 2501 1924 2609 ess

365 2616 428 2715 ei,
458 2619 524 2727 ptri
536 2615 761 2726 fecit-illum
779 2648 798 2717 ,·
821 2620 862 2698 δι
884 2614 1022 2699 Actor.
1048 2645 1085 2698 2.
1115 2623 1180 2726 36.
1201 2616 1406 2725 Cerriffimd
1415 2615 1518 2726 sciar
1529 2648 1624 2727 ergo
1643 2620 1768 2700 omnis
1782 2619 1922 2702 domm

365 2731 514 2841 Israel,
535 2736 624 2845 quia
639 2731 681 2819 fr
698 2734 903 2817 Dominum
918 2763 999 2816 eum
1019 2728 1259 2838 &Christum
1268 2734 1367 2843 fecit
1385 2736 1496 2817 Deus
1514 2740 1616 2817 bunc
1632 2732 1792 2843 Jefirm,
1812 2763 1921 2845 quem

366 2878 437 2933 vos
449 2851 717 2961 cnrcifixistis:
741 2849 1190 2962 quaelocaexpendens
1209 2850 1400 2933 Petavius
1415 2852 1565 2935 Theol.
1581 2852 1740 2965 Dogm.
1757 2870 1860 2935 torn.
1881 2879 1924 2937 e,

365 2967 438 3053 lib.
465 2999 502 3053 2.
526 2968 577 3054 de
598 2970 751 3055 Trinit.
773 2997 862 3080 cap.
890 2994 926 3079 3.
952 2998 1063 3053 num.
1095 2997 1128 3052 1.
1154 2968 1238 3051 ait:
1260 2968 1341 3050 His
1362 2970 1416 3050 ira
1447 2967 1667 3079 respondent
1690 2971 1856 3071 Porrer,
1878 2994 1924 3054 rrt

366 3088 549 3172 barloco
568 3148 584 3189 ,
614 3084 715 3175 &in
747 3090 808 3170 Iris
827 3088 993 3171 Verbum
1007 3085 1183 3199 faciendi
1197 3088 1339 3195 purtim
1365 3086 1514 3200 divina.
1534 3088 1656 3169 Verbi
1671 3084 1924 3195 firlrsturrtire‚

359 3207 501 3313 purtim
524 3199 699 3292 lamina
718 3200 899 3290 tribuunt.
922 3207 1095 3290 Seducit
1117 3205 1242 3289 eodem
1258 3200 1371 3314 senfir
1393 3232 1523 3287 omnes
1540 3206 1842 3311 interpretantur.
1862 3206 1919 3289 Et

357 3322 532 3431 quidem
553 3324 613 3408 D.
635 3318 874 3423 Athanafius
896 3322 953 3411 ibi
975 3326 1068 3425 ait,
1108 3320 1445 3408 confltetudinern
1481 3319 1563 3405 effe
1603 3322 1827 3431 Scripturae
1856 3322 1918 3407 uti

363 3441 490 3528 verbo
511 3442 689 3554 faciendi
708 3472 787 3553 pro
808 3432 859 3532 eo
884 3443 995 3554 quod
1016 3444 1072 3527 est
1093 3442 1276 3555 gignere.
1300 3438 1438 3523 Etiam
1460 3436 1520 3521 D.
1551 3437 1686 3549 Cyril.
1714 3436 1916 3523 Alexand.

361 3556 420 3642 rbi
433 3589 544 3646 num.
564 3588 600 3672 3.
623 3562 703 3647 alid
725 3560 838 3647 sensu
859 3564 1031 3649 verbum
1043 3558 1219 3672 faciendi
1239 3555 1423 3666 usurpari
1444 3556 1608 3656 censet,
1627 3582 1708 3666 pro
1729 3555 1914 3667 eoquod

363 3680 420 3766 est
439 3680 628 3766 declarari
643 3681 714 3767 vel
733 3681 890 3784 ostendi.
1195 3738 1199 3743 -
1525 3701 1526 3704 ’
1629 3722 1633 3729 ·

353 3795 360 3801 “
419 3798 559 3875 XXII.
581 3797 788 3873 Praeterea
806 3792 1000 3873 similibus
1014 3794 1152 3877 verbis
1174 3795 1305 3878 utitur
1328 3792 1570 3903 Scriptura,
1598 3788 1914 3905 adexprimen·
1952 3872 1955 3879 .

363 3912 464 3995 dum
489 3911 622 3993 acrum
644 3905 1188 4015 divinarumperfetlionum
1210 3968 1225 4007 ,
1251 3932 1297 3993 ut
1319 3912 1434 3994 Isa'r'ae
1459 3914 1587 4019 5216.
1609 3908 1665 3992 Er
1678 3907 1920 3993 exaltabitur

352 4028 555 4111 Dominus
576 4028 803 4110 exercituum
831 4028 871 4108 in
890 4022 1061 4128 judicio,
1083 4022 1125 4109 &
1146 4028 1254 4106 Deus
1271 4028 1439 4111 Sanetus
1453 4027 1761 4137 fitndifi'cabitur
1777 4027 1816 4107 in
1827 4022 1913 4135 juf-

332 4132 631 4247 '11irr'a;Ezech.
652 4150 717 4254 36.
738 4169 804 4255 23.
818 4142 1127 4254 Etfiurc‘lificobo
1141 4170 1397 4238 nomermeurn
1412 4170 1753 4255 magnummaeum
1764 4142 1918 4253 ,boei-

357 4264 499 4371 ficetur
514 4263 630 4374 fuero
657 4266 696 4346 in
722 4265 830 4347 vobis
851 4292 976 4346 corum
997 4263 1093 4362 eis;
1125 4266 1167 4344 ὃ(
1190 4288 1279 4370 cap.
1309 4258 1374 4371 38.
1407 4288 1478 4372 23..
1496 4264 1550 4347 Er
1576 4262 1851 4373 mugnficabor
1871 4258 1917 4347 ἃ

306 4476 310 4482 ,
354 4379 629 4491 fiindrficabor
650 4416 667 4464 .·
687 4380 729 4466 ἃ
748 4406 860 4465 riorus
876 4411 939 4465 ero
958 4382 997 4463 in
1012 4376 1150 4462 ‘oculis
1171 4378 1372 4462 multorum
1400 4383 1568 4491 gentium
1588 4439 1601 4478 ,
1627 4376 1668 4463 δ’
1675 4377 1799 4489 scient
1822 4381 1913 4489 quia

305 4586 309 4595 ,
350 4530 431 4608 ego
456 4502 659 4583 Dominus.
687 4500 809 4583 Plura
830 4496 972 4584 fimilia
993 4498 1193 4595 habentur
1215 4498 1256 4580 in
1277 4499 1524 4607 Scriptura,
1553 4523 1640 4604 quae
1664 4522 1751 4579 non
1784 4494 1917 4580 deno
2093 4586 2097 4595 ,

311 4638 326 4722 5·
351 4636 453 4701 -tant
476 4648 624 4702 novam
646 4618 688 4701 in
710 4619 808 4703 Deo
831 4616 1141 4728 operationem,
1162 4615 1233 4701 sed
1250 4614 1492 4702 exercitium
1510 4613 1581 4697 seu
1597 4618 1729 4699 altum
1749 4612 1910 4697 suarum

349 4734 606 4848 :dignitatum
629 4765 725 4826 cum
745 4736 1031 4821 terminatione
1053 4734 1104 4820 ad
1126 4757 1240 4819 extra
1259 4766 1270 4815 r
1294 4730 1546 4840 quomodo,
1564 4729 1745 4844 quarirvis
1762 4729 1912 4841 dispari
2001 4822 2005 4829 ,

350 4856 518 4939 ratione
537 4911 550 4954 ,
572 4854 734 4939 videtur
755 4853 869 4964 poffe
890 4854 971 4939 dici
992 4854 1157 4939 Patrem
1181 4855 1220 4935 se
1241 4843 1463 4935 bonificare
1487 4854 1529 4936 ὅ(
1553 4842 1816 4967 magnificare
1830 4872 1911 4955 per
1971 4868 1975 4875 ·

182 5036 188 5042 ·
301 5068 307 5079 κ
362 4974 470 5073 lroc,
493 4972 604 5083 quod
619 4974 766 5059 habeat
786 4978 915 5058 altum
934 4967 1182 5057 bonificandi
1200 4972 1242 5055 dc
1265 4964 1554 5080 magnificandi·
1571 4963 1834 5050 terminatum
1856 4961 1910 5090 aql
2024 5026 2025 5029 a

348 5092 397 5175 ‘F
400 5091 513 5175 ilium
532 5150 546 5191 ,
567 5090 838 5202 producendo
856 5089 1072 5203 'ipsumde
1103 5084 1235 5197 seipso
1253 5116 1265 5178 3
1285 5091 1338 5173 ³&
1362 5087 1454 5197 quia
1492 5082 1728 5194 producere
1749 5080 1908 5167 bonurn
1990 5110 1997 5116 ·

238 5268 241 5275 -
351 5214 406 5297 a&
428 5212 682 5413 maignumIF
684 5203 800 5298 ilium
820 5212 880 5300 est
900 5208 998 5324 quid
1017 5208 1173 5296 bonum
1197 5208 1450 5318 &magnum
1465 5206 1550 5308 ,ebe
1563 5203 1643 5405 luge
1653 5200 1751 5407 ἐξ
1768 5204 1812 5286 &
1826 5220 1910 5312 Pel*

520 5356 599 5415 om·
656 5328 732 5415 H·
